@InProceedings{per+roy99,
  author = 	 {Charles E. Perkins and Elizabeth M. Royer},
  title = 	 {Ad-hoc On-Demand Distance Vector Routing},
  booktitle = 	 {Proceedings of the 2nd IEEE Workshop on Mobile Computing Systems and Applications},
  pages =	 {90--100},
  year =	 1999,
  address =	 {New Orleans, LA},
  month =	 {February}
}

@Misc{AODVrfc,
  author =	 "Charles E. Perkins and Elizabeth M. Royer",
  title =	 "Ad-hoc On-Demand Distance Vector ({AODV}) Routing",
  howpublished = "Request for Comments: http://www.ietf.org/rfc/rfc3561.txt",
  year =	 2003
}

@Article{balb+04,
  author = 	 {P. Balbastre and I. Ripoll and J. Vidal and A. Crespo},
  title = 	 {A Task Model to Reduce Control Delays},
  journal = 	 {Real-Time Systems},
  year = 	 2004,
  volume =	 27,
  number =	 3,
  pages =	 {215--236}
}

@Article{boje05,
  author = 	 {E. Boje},
  title = 	 {Approximate Models for Continuous-Time Linear Systems with Sampling Jitter}, 
  journal = 	 {Automatica},
  year = 	 2005,
  volume =	 41,
  number =	 12,
  pages =	 {2091--2098}
}

@Article{kalmbert,
  author = 	 {R. E. Kalman and J. E. Bertram},
  title = 	 {A Unified Approach to the Theory of Sampling Systems},
  journal = 	 {Journal of the Franklin Institute},
  year = 	 1959,
  volume =	 267,
  number =	 5,
  pages =	 {405--436},
  month =	 {May}
}

@Book{ARTIST05,
	author = 	"Bouyssounouse, Bruno and Joseph Sifakis",
	publisher = 	"Springer-Verlag",
	title = 	"Embedded Systems Design -- The {ARTIST}
		  Roadmap for Research and Development",
	year = 	2005
}

@Article{xuparnas00,
  author = 	 {J. Xu and D. L. Parnas},
  title = 	 {Priority Scheduling Versus Pre-Run-Time Scheduling},
  journal = 	 {Real-Time Systems},
  year = 	 2000,
  volume =	 18,
  number =	 1,
  pages =	 {7--23}
}

@Book{kleinrock75,
  author =	 {L. Kleinrock},
  title = 	 {Queueing Systems Volume 1: Theory},
  publisher = 	 {John Wiley \& Sons},
  year = 	 1975
}

@InProceedings{cas+98,
  author = 	 {A. Casile and G. Buttazzo and G. Lamsatra and G. Lipari},
  title = 	 {Simulation and Tracing of Hybrid Task Sets on Distributed Systems},
  booktitle = 	 {Proceedings of the 5th {IEEE} International Conference on Real-Time Computing Systems and Applications},
  pages =	 {249--256},
  year =	 1998
}

@TechReport{ptolemy,
  author = 	 "C. Hylands and E. Lee and J. Liu and X. Liu and S.
		  Neuendorffer and Y. Xiong and Y. Zhao and H. Zheng",
  title = 	 "Overview of the {P}tolemy Project",
  institution =  "Department of Electrical Engineering and Computer
		  Science, University of California Berkeley, CA",
  year = 	 2003,
  month =	 "July",
  number =	 "UCB/ERL M03/25"
}

@Misc{octave,
  author =	 "John W. Eaton",
  title =	 "{OCTAVE}",
  howpublished = "{H}ome page,
		  http://www.octave.org/",
  year =	 "1998"
}

@Misc{telosb,
  author =	 "Moteiv",
  title =	 "{M}oteiv: Wireless Sensor Networks",
  howpublished = "{H}ome page,
		  http://www.moteiv.com/products.php",
  year =	 "2005"
}

@InProceedings{emb_tt2,
  author = 	 {P. F. A. van den Bosch and E.H. van de Waal},
  title = 	 {A Case Study of Multi-Disciplinary Modeling Using {MATLAB}/{S}imulink and {T}rue{T}ime},
  booktitle = 	 {Proceedings of {INCOSE} 2005 International Symposium},
  year =	 2005
}

@InProceedings{bosch,
  author = 	 {A. Albert and P. Pietsch and F. Voetz},
  title = 	 {Simulation Environment for Investigating the Impacts of Time-Triggered Communication on a Distributed Vehicle Dynamics Control System},
  booktitle = 	 {Proceedings of 1st International Workshop on Real-Time and Control},
  address =      "Palma de Mallorca, Spain",
  year =	 2005
}

@InProceedings{emb_tt1,
  author = 	 {J. Hooman and N. Mulyar and L. Posta},
  title = 	 {Supporting Model-based Simulation of Embedded Systems by Coupling Tools},
  booktitle = 	 {Proceedings of the 5th {PROGRESS} Symposium on Embedded Systems},
  year =	 2004
}

@InCollection{lian+05handbook,
	author = 	"F.-L. Lian and J. R. Moyne and D. M. Tilbury",
	title = 	"Network Protocols for Networked Control Systems",
	editor = 	"D. Hristu-Varsakelis and W. S. Levine",
	booktitle = 	"Handbook of Networked and Embedded Control Systems",
	year = 	2005
}

@TechReport{nortor,
  author = 	 "J. Norberg and M. Törngren",
  title = 	 "Fault Injection into Control Algorithms",
  institution =  "Department of Machine Design, KTH, Sweden",
  year = 	 2003,
  number =	 "TRITA--MMK 2003:37, ISSN 1400--1179, ISRN
		  KTH/MMK/R-03/11-SE"
}

@InProceedings{marti+04,
  author = 	 "Pau Mart\'{i} and Caixue Lin and Scott A. Brandt and
		  Manel Velasco and Josep M. Fuertes",
  title = 	 "Optimal State Feedback Based Resource Allocation for
		  Resource-Constrained Control Tasks",
  booktitle =	 "Proc. 23rd IEEE Real-Time Systems Symposium",
  year =	 2004
}

@PhdThesis{sanphd,
  author = 	 {Martin Sanfridsson},
  title = 	 {Quality of Control and Real-time Scheduling},
  school = 	 {Royal Institute of Technology, Sweden},
  year = 	 2004
}

@Article{red+04,
  author = 	 "O. Redell and J. El-Khoury and M. Törngren", 
  year =	 2004,
  title = 	 "The {AIDA} tool-set for Design and Implementation
		  Analysis of Distributed Real-Time Control Systems",
  journal =	 "Journal of Microprocessors and Microsystems",
  volume =	 28,
  number =	 4,
  pages =	 "163--182",
  month =        "May"
}

@InProceedings{per+03,
  author = 	 "N. Pernet and Y. Sorel", 
  year =	 2003,
  title = 	 "Optimized Implementation of Distributed Real-Time
		  Embedded Systems Mixing Control and Data Processing",
  booktitle =	 "Proceedings of the {ISCA} 16th International
		  Conference: Computer Applications in Industry and
		  Engineering (CAINE-2003)",
  address =      "Las Vegas, USA",
  month =	 "November",
}

@InProceedings{lav+91,
  author = 	 "C. Lavarenne and O. Seghrouchni and Y. Sorel and M. Sorine", 
  year =	 1991,
  title = 	 "The {S}yndex Software Environment for Real-Time
		  Distributed Systems Design and Implementation",
  booktitle =	 "Proceedings of the European Control Conference",
  address =      "Grenoble, France",
  month =	 "July",
}

@InProceedings{simon+01,
  author = 	 "D. Simon and A. Girault", 
  year =	 2001,
  title = 	 "Synchronous Programming of Automatic Control
		  Applications using {O}rccad and {E}sterel",
  booktitle =	 "Proceedings of the 40th {IEEE} Conference on
		  Decision and Control, CDC'01",
  address =      "Orlando, USA",
  month =	 "December",
}

@InProceedings{cuc+04,
  author = 	 {T. Cucinotta and L. Palopoli and L. Marzario and G. Lipari and L. Abeni},
  title = 	 {Adaptive Reservations in a {L}inux Environment},
  booktitle = 	 {Proceedings of the 10th IEEE Real-Time and Embedded Technology and Applications Symposium},
  year =	 2004
}

@InProceedings{pal+03,
  author = 	 {L. Palopoli and L. Abeni and G. Lipari},
  title = 	 {On the Application of Hybrid Control to {CPU} Reservations},
  booktitle = 	 {Proceedings of the Conference on Hybrid Systems, Computation and Control (HSCC03)},
  year =	 2003
}

@InProceedings{abeni+02,
  author = 	 {L. Abeni and L. Palopoli and G. Lipari and J. Walpole},
  title = 	 {Analysis of a Reservation-based Feedback Scheduler},
  booktitle = 	 {Proceedings of the 23rd {IEEE} Real-time Systems Symposium},
  year =	 2002
}

@InProceedings{giotto,
  author = 	 {Thomas A. Henzinger and Benjamin Horowitz and Christoph M. Kirsch},
  title = 	 {Embedded Control Systems Development with {G}iotto},
  booktitle = 	 {Proceedings of the International Conference on Languages, Compilers, and Tools for Embedded Systems (LCTES)},
  pages =	 {64--72},
  year =	 2001
}

@PhdThesis{davidson,
  author = 	 {Charles Davidson},
  title = 	 {Random Sampling and Random Delays in Optimal Control Systems}, 
  school = 	 {Royal Institute of Technology},
  year = 	 1973,
  address =	 {Stockhom, Sweden}
}

@Book{zhoudoyle,
  author =	 {Kemin Zhou and John C. Doyle},
  title = 	 {Essentials of Robust Control},
  publisher = 	 {Prentice Hall},
  year = 	 1998
}

@Book{hel+book,
  author = 	 " Joseph L. Hellerstein and Yixin Diao and Sujay Parekh and Dawn M. Tilbury",
  title = 	 "Feedback Control of Computing Systems",
  publisher = 	 "Wiley-IEEE Press",
  year = 	 2004
}


@InProceedings{he+sens,
  author = 	"T. He and S. Krishnamurthy and J. A. Stankovic and T.
		  Abdelzaher and L. Luo and R. Stoleru and T. Yan and
		  L. Gu and J. Hui and B. Krogh",
  booktitle = 	"Proceedings of the 2nd International Conference on
		  Mobile Systems, Applications, and Services (MobiSys)",
  address = 	"Boston, MA",
  month = 	"June",
  year = 	2004,
  title = 	"Energy-Efficient Surveillance System Using Wireless
		  Sensor Networks"
}

@Article{Sha1990-RN,
author = "L. Sha and R. Rajkumar and J. P. Lehczky",
title = "Priority inheritance protocols: An approach to real-time synchronization",
journal = "IEEE Transactions on Computers",
number =39,
volume = 9,
pages = "1175-1185",
year = 1990
}

@Article{Alur1994-RN,
  author =   "R. Alur and D. Dill",
  title =    "A theory of Timed Automata",
  journal =      "Theoretical Computer Science ",
  year =     1994,
  volume =   126,
  pages =    "183-235"
}
		
@Article{Baker1991-RN,
 author       = "T. P. Baker",
 title        = "Stack-Based Scheduling of Real-time Processes",
 journal      = "The Journal of Real-Time Systems",
 number       = 3,
 year         = 1991,
 pages        = "67-99"
}

@InProceedings{Nordstrom1999-RN,
  author =   {C. Nordstr\"{o}m and A.Wall and W. Yi},
  title =    {Timed Automata as Task Models for Event-Driven Systems},
  booktitle =    {Proceedings of RTCSA'99},
  year =     1999,
  address =      {Hong Kong},
  month =    {December}
}
  
@InProceedings{tinyos,
  author = 	"J. Hill and R. Szewczyk and A. Woo and S. Hollar and
		  D.E. Culler and K.S.J. Pister",
  booktitle = 	"Proceedings of Architectural Support for Programming
		  Languages and Operating Systems (ASPLOS)",
  address = 	"Cambridge, MA",
  month = 	"November",
  year = 	2000,
  pages =	"93--104",
  title = 	"System Architecture Directions for Networked Sensors"
}
		  
@Article{agnew76,
  author = 	 {C. E. Agnew},
  title = 	 {Dynamic Modeling and Control of Congestion-prone Systems},
  journal = 	 {Operations Research},
  year = 	 1976,
  volume =	 24,
  number =	 3,
  pages =	 {400-419}
}

@Article{pitsil95,
  author = 	 {A. Pitsillides and J. Lambert and D. Tipper},
  title = 	 {A Multilevel Optimal Control Approach to Dynamic Bandwidth Allocation in Broadband {ISDN}},
  journal = 	 {Telecommunications Systems},
  year = 	 1995,
  volume =	 4,
  pages =	 {71--96}
}

@InProceedings{sharma93,
  author = 	 {S. Sharma and D. Tipper},
  title = 	 {Approximate Models for the Study of Nonstationary Queues and their Applications to Communication Networks},
  booktitle = 	 {Proceedings of {IEEE} International Conference on Communications},
  pages =	 {352--358},
  year =	 1993
}

@Article{tipper90,
  author = 	 {D. Tipper and M. K. Sundareshan},
  title = 	 {Numerical Models for Modeling Computer Networks under Nonstationary Conditions},
  journal = 	 {{IEEE} Journal on Selected Areas in Communication},
  year = 	 1990,
  volume =	 8,
  number =	 9,
  pages =	 {1682--1695}
}

@InProceedings{wang96,
  author = 	 {W. Wang and D. Tipper and S. Banerjee},
  title = 	 {A Simple Approximation for Modeling Nonstationary Queues},
  booktitle = 	 {Proceedings of {IEEE} Infocom'96},
  pages =	 {255--262},
  year =	 1996
}



@Unpublished{fs_proj,
  author = 	 {Emanuel Schmid and Per Knutsson},
  title = 	 {Feedback Scheduling in {RTAI}},
  note = 	 {Project in Real-Time Systems},
  year =	 2004
}

@Misc{robocup,
  author =	 "{T}he {R}obo{C}up Federation",
  title =	 "{R}obo{C}up",
  howpublished = "{H}ome page,
		  http://www.robocup.org",
  year =	 "2004"
}
		  
@Misc{zigbee,
  author =	 "{T}he {Z}ig{B}ee Alliance",
  title =	 "{Z}ig{B}ee",
  howpublished = "{H}ome page,
		  http://www.zigbee.org",
  year =	 "2004"
}

@Misc{ttcan,
  author =	 "{C}{A}{N} in {A}utomation",
  title =	 "{TTCAN} -- Time-Triggered Communication on {CAN}",
  howpublished = "{H}ome page,
		  http://www.can-cia.org/can/ttcan/",
  year =	 "2005"
}

@Misc{flexray,
  author =	 "{T}he {F}lex{R}ay {C}onsortium",
  title =	 "{F}lex{R}ay -- The communication system for advanced automotive control applications",
  howpublished = "{H}ome page,
		  http://www.flexray.com",
  year =	 "2005"
}
		  
@Misc{eclipse,
  author =	 "{E}clipse {F}oundation",
  title =	 "{E}clipse",
  howpublished = "{H}ome page,
		  http://www.eclipse.org",
  year =	 "2005"
}		  

@Misc{802.11+99,
  author =       "{IEEE}",
  title =        "{ANSI/IEEE} {S}td 802.11",
  year =         1999,
}

@Misc{rtai,
  author =	 "{T}he {RTAI} {P}roject",
  title =	 "{RTAI} -- Real-time Application Interface",
  howpublished = "{H}ome page,
		  http://www.rtai.org",
  year =	 "2004"
}		 

@Misc{adeos,
  author =	 "{T}he {A}deos {P}roject",
  title =	 "Adaptive Domain Environment for Operating Systems",
  howpublished = "{H}ome page,
		  http://www.adeos.org",
  year =	 "2004"
}		
 
@Misc{xenomai,
  author =	 "{T}he {X}enomai {P}roject",
  title =	 "Implementing an RTOS emulation framework on GNU/Linux",
  howpublished = "{H}ome page,
		  http://www.nongnu.org/xenomai/",
  year =	 "2005"
}		

@InProceedings{carbutt,
  author = 	 "A. Carlini, and G.C. Buttazzo",
  title = 	 "An Efficient Time Representation for Real-Time
		  Embedded Systems",
  pages =	 "705--712",
  booktitle =	 "Proceedings of the 2003 {ACM} Symposium on Applied
		  Computing",
  address =      "Melbourne, Florida",
  year =	 2003
}

@Misc{avr,
  author =	 "{A}tmel",
  title =	 "{Atmel AVR 8-bit RISC}",
  howpublished = "{H}ome page,
		  http://www.atmel.com/products/AVR/",
  year =	 "2003"
}
		  
@Book{stanEDF,
  author = 	 "John A. Stankovic, and Marco Spuri, and Krithi
		  Ramamritham, and Giorgio C. Buttazzo",
  title = 	 "Deadline Scheduling for Real-Time Systems -- EDF and
		  Related Algorithms",
  publisher = 	 "Kluwer Academic Publishers",
  year = 	 1998
}

@InProceedings{sha+03,
  author = 	 "Vivek Sharma, and A. Thomas, and T. Abdelzaher, and
		  K. Skadron",
  title = 	 "Power-aware {Q}o{S} Management in Web Servers",
  booktitle =	 "Proceedings of the 24th Real-time Systems Symposium",
  year =	 2003,
  address =	 "Cancun, Mexico",
  month =	 "December"
}

@Book{IBM,
  author = 	 "Bohrer, P. and E. Elnozahy, and T. Keller, and M. Kistler, and C. Lefurgy, and C. McDowell, and R. Rajamony", 
  title = 	 "The Case for Power Management in Web Servers",
  publisher = 	 "Power Aware Computing, Kluwer Academic Publications",
  year = 	 2002
}

@Misc{OMG,
  author =	 "{{O}bject {M}anagement {G}roup}",
  title =	 "{CORBA: Common Request Broker Architecture}",
  howpublished = "{H}ome page,
		  http://www.omg.org/",
  year =	 "2003"
}		  
		  
@Misc{tomas,
  author =	 "Tomas Olsson",
  title =	 "{Virtual Environment for Robot Vision}",
  howpublished = "{H}ome page,
		  http://www.control.lth.se/\~{ }tolsson/vr/vrobot.html",
  year =	 "2003"
}
		  
@InProceedings{zaherlu,
  author = 	 "Abdelzaher, T.F. and C. Lu",
  title = 	 "Schedulability Analysis and Utilization Bounds for
		  Highly Scalable Real-time Services",
  booktitle =	 "Proceedings of the 22nd {IEEE} Real-time Systems Symposium",
  year =	 2001,
  address =	 "London, UK"
}

@InProceedings{jadsim,
  author = 	 "Jad El-Khoury and M. Törngren",
  title = 	 "Towards a Toolset for Architectural Design of
		  Distributed Real-Time Control Systems",
  booktitle =	 "Proceedings of the 22nd {IEEE} Real-Time Systems Symposium",
  year =	 2001,
  address =	 "London, England",
  month =	 "December"
}

		  
@Article{future,
  author = 	 "Richard M. Murray, and K.J. Åström, and S.P.
		  Boyd, and R.W. Brockett, and G. Stein",
  title = 	 "Future Directions in Control in an Information-rich World",
  journal =	 "{IEEE} Control Systems Magazine",
  year =	 2003,
  volume =	 23,
  number =	 2,
  pages =	 "20--33",
  month =	 "April"
}

@Article{lu+02,
  author = 	 "C. Lu and J.A. Stankovic and S.H. Son and G. Tao",
  title = 	 "Feedback Control Real-time Scheduling: Framework,
		  Modeling and Algorithms",
  journal =	 "Real-time Systems",
  year =	 2002,
  volume =	 23,
  number =	 "1/2",
  pages =	 "85--126"
}

@InProceedings{zaher+01,
  author = 	 "Abdelzaher, T.F. and C. Lu",
  title = 	 "Schedulability Analysis and Utilization Bounds for
		  Highly Scalable Real-time Services",
  booktitle =	 "Proceedings of the {IEEE} Real-time Technology and
		  Applications Symposium",
  year =	 2001,
  address =	 "TaiPei, Taiwan",
  month =	 "June"
}

@Article{hanselmann87,
  author = 	 "Hanselmann, H.",
  title = 	 "Implementation of Digital Controllers -- A Survey",
  journal =	 "Automatica",
  year =	 1987,
  volume =	 23,
  number =	 1,
  pages =	 "7--32"
}

@Book{kur_ross,
  author = 	 "Kurose, James F. and Keith W. Ross",
  title = 	 "Computer Networking -- A Top-Down Approach Featuring
		  the Internet",
  publisher = 	 "Addison-Wesley",
  year = 	 2001
}

@Article{zaher+csm,
  author = 	"Abdelzaher, Tarek F. and John A. Stankovic
		  and Chenyang Lu and Ronghua Zhang and Ying Lu",
  volume = 	23,
  month = 	jun,
  year = 	2003,
  journal = 	"IEEE Control Systems Magazine",
  title = 	"Feedback Performance Control in Software Services",
  pages = 	"74--90",
  number = 	3
}

@Book{csmnw,
  title =	 "Special Section on Networks and Control, {IEEE}
		  Control Systems Magazine",
  year =	 2001,
  volume  =      21,
  month =	 "February"
}

@Article{garc+89,
  author = 	 "C.~E Garcia and D.~M Prett and M. Morari",
  title = 	 "Model Predictive Control: Theory and Practice -- a Survey",
  journal =	 "Automatica",
  year =	 1989,
  volume =	 25,
  number =	 3,
  pages =	 "335--348"
}

@InProceedings{cer+02tool,
  author    = "Cervin, Anton and Dan Henriksson and Bo Lincoln and
		  Karl-Erik {\AA}rzén",
  title     = "Jitterbug and {T}rueTime: Analysis Tools for Real-time
		  Control Systems",
  booktitle = "Proceedings of the 2nd Workshop on Real-time Tools",
  year      = 2002,
  address   = "Copenhagen, Denmark",
  month =        "August"
}
		  
@Book{rtsj2000,
  author = 	 "G. Bollella and B. Brosgol and P. Dibble and S. Furr
		  and J. Gosling and D. Hardin and M. Turnbull",
  title = 	 "The Real-Time Specification for Java",
  publisher = 	 "Addison-Wesley",
  year = 	 2000
}

@InProceedings{bart00,
  author    = "R.~A. Bartlett and A. Wächter and L.~T. Biegler",
  title     = "Active Set vs. Interior Point Strategies for Model
		  Predictive Control",
  booktitle = "Proceedings of the American Control Conference",
  year      = 2000,
  address   = "Chicago, Illinois",
  month =        "Juny"
}

@Book{halbwachs,
  author = 	 "N. Halbwachs",
  title = 	 "Synchronuous Programming of Reactive Systems",
  publisher = 	 "Kluwer",
  year = 	 1993,
  address =	 "Boston, MA"
}

@Misc{dspace,
  author =	 "{dSPACE}",
  title =	 "Solutions for Control",
  howpublished =  "Home page, http://www.dspace.de",
  year =	 "2004"
}
		  
@Misc{etas,
  author =	 "{ETAS}",
  title =	 "Engineering Products and Services",
  howpublished =  "Home page, http://www.etasgroup.com",
  year =	 "2004"
}
		  
@Misc{ni,
  author =	 "{National Instruments}",
  title =	 "Test and Measurement",
  howpublished =  "Home page, http://www.ni.com",
  year =	 "2004"
}

@Misc{lygner,
  author =	 "M. Lygner",
  title =	 "Model-Based Development Chain at {V}olvo {C}ars",
  howpublished =  "{dSPACE} News, 1/2002, http://www.dspace.de",
  year =	 "2002"
}

@Article{rich93,
  author = 	 "J. Richalet",
  title = 	 "Industrial Application of Model Based Predictive Control",
  journal =	 "Automatica",
  year =	 1993,
  volume =	 29,
  pages =	 "1251--1274"
}

@InProceedings{dunb+02ifac,
  author    = "W.~B. Dunbar and M.~B William and R. Franz and R.~M Murray",
  title     = "Model Predictive Control of a Thrust-vectored Flight
		  Control Experiment",
  booktitle = "Proceedings of the 15th IFAC World Congress on
		  Automatic Control",
  year      = 2002,
  address   = "Barcelona, Spain",
  month =        "July",
}

@InProceedings{dunb+02cdc,
  author    = "W.~B. Dunbar and R.~M Murray",
  title     = " Model predictive control of coordinated multi-vehicle
		  formations",
  booktitle = "Proceedings of the 41st IEEE Conference on Decision and
		 Control",
  year      = 2002,
  address   = "Las Vegas, NV",
  month =        "December"
}
		  
		  
@Article{sco+99,
  author = 	 "P.~O.~M Scokaert and D.~Q. Mayne and J.~B. Rawlings",
  title = 	 "Suboptimal Model Predictive Control (Feasibility
		  Implies Stability)",
  journal =	 "IEEE Transactions on Automatic Control",
  year =	 1999,
  volume =	 44,
  number =	 3,
  pages =	 "648--654",
  month =	 "March"
}

@Article{can+01,
  author = 	 "Mark Cannon and Basil Kouvaritakis and J.~Anthony Rossiter",
  title = 	 "Efficient active Set Optimization in Triple Mode {MPC}",
  journal =	 "IEEE Transactions on Automatic Control",
  year =	 2001,
  volume =	 46,
  number =	 8,
  pages =	 "1307--1312",
  month =	 "August"
}
		  
@Book{mac2002,
  author = 	 "J.~M. Maciejowski",
  title = 	 "Predictive Control with Constraints",
  publisher = 	 "Prentice-Hall",
  year = 	 2002
}

@Book{wright1997,
  author =       "Stephen J. Wright",
  title =        "Primal-Dual Interior-Point Methods",
  publisher =    "SIAM",
  year =         1997
}
		  
@Book{rtworkshop,
  author = "{The Mathworks} ",
  title = 	 "Real-Time Workshop; User's Guide",
  publisher = "The MathWorks Inc.",
  year =	 2001,
  address =	 "Natick, MA"	  
}
		  
@Book{simulink,
  author = "{The Mathworks} ",
  title = 	 "Simulink: A Program for Simulating Dynamic Systems
		  -- User's Guide",
  publisher = "The MathWorks Inc.",
  year =	 2001,
  address =	 "Natick, MA"	  
}
		  
		  
@Book{modelica,
  author = 	 "Michael Tiller",
  title = 	 "Introduction to Physical Modeling with Modelica",
  publisher = 	 "Kluwer Academic Publishers",
  year = 	 2001
}

@Book{liu00,
  author = 	 "Jane W. S. Liu",
  title = 	 "Real-Time Systems",
  publisher = 	 "Prentice-Hall",
  year = 	 2000
}

@Article{arz+cer99,
  author = 	 "Karl-Erik {\AA}rzén and Anton Cervin",
  title = 	 "A Simple Event-Based {PID} Controller",
  year =	 1999,
  note =	 "Submitted for journal publication."
}

@Article{arz+00jour,
  author = 	 "Karl-Erik {\AA}rz{\'e}n and Anton Cervin and Johan Eker and
		  Bo Bernhardsson and Lui Sha",
  title = 	 "Towards the Integration of Control and Scheduling
		  Design",
  year =         2000,
  note =	 "Submitted for journal publication."
}

@InProceedings{eker+01,
  author = 	 "Johan Eker and Anton Cervin and Andreas Hörjel",
  title = 	 "Distributed Wireless Control Using {B}luetooth",
  year =	 2001,
  booktitle =	 "Proceedings of the IFAC Conference on
New Technologies for Computer Control",
  address = 	 "Hong Kong, P.R. China"
}

@Article{cer+01,
  author = 	 "Anton Cervin and Johan Eker and Bo Bernhardsson and
		  Karl-Erik Årzén",
  title = 	 "Feedback-Feedforward Scheduling of Control Tasks",
  journal =	 "Real-Time Systems",
  year =	 2002,
  volume =	 23,
  pages =	 "25--53"
}

@TechReport{arz+99tm,
  author    = "{\AA}rz{\'e}n, K.-E. and B. Bernhardsson and 
                  J. Eker and A. Cervin and K. Nilsson and P. Persson 
                  and L. Sha", 
  title     = "Integrated Control and Scheduling",
  institution = "Department of Automatic Control, Lund Institute of
		  Technology, Lund, Sweden",
  year      = 1999,
        month = aug,
       number =  "TFRT-7586",
}

@PhdThesis{nilj98dism,
  author    = "Nilsson, Johan",
  title     = "Real-Time Control Systems with Delays",
  school = "Department of Automatic Control, Lund Institute of
		  Technology, Lund, Sweden",
  year      = 1998,
  month =        jan,
  number = "TFRT-1049"
}
		  
		  
@InProceedings{cacc+00,
  author = 	 "Marco Caccamo and Giorgio Buttazzo and Lui Sha",
  title = 	 "Elastic Feedback Control",
  pages =	 "121--128",
  booktitle =	 "Proceedings of the 12th Euromicro Conference on
		  Real-Time Systems",
  year =	 2000,
  address =	 "Stockholm, Sweden",
  month =	 jun,
  annote =	 "Proceedings, Anton"
}

@InProceedings{cer+lin01,
  author = 	 "Anton Cervin and Bo Lincoln",
  title = 	 "Analysis of Control Performance in Real-Time Systems",
  note =	 "Submitted to the IEEE Real-Time Systems Symposium,
		  London, UK",
  year =	 2001
}

@Article{kal+ber59,
  author = 	 "R.~E. Kalman and J.~E. Bertram",
  title = 	 "A Unified Approach to the Theory of Sampling Systems",
  journal =	 "Journal of the Franklin Institute",
  year =	 1959,
  volume =	 267,
  number =	 5,
  pages =	 "405--436"
}

@PhdThesis{sand99lic,
  author    = "Sandstr{\"o}m, Kristian",
  title     = "Modeling and Scheduling of Control Systems",
  school    = "Mechatronics Laboratory, Department of Machine
		  Design, Royal Institute of Technology, Stockholm, Sweden",
  year      = 1999,
  number = "ISRN KTH/MMK/R-{\hskip0.1em}-99/5-{\hskip0.1em}-SE",
  month =        mar,
  type      = "Licentiate thesis"
}
		  


@TechReport{ges03,
  author = 	 "Gesteg{\aa}rd Robertz, Sven",
  title = 	 "Flexible Automatic Memory Management for Real-Time
		  and Embedded Systems",
  institution =  "Department of Computer Science, Lund Institute of
		  Technology, Lund, Sweden",
  year = 	 2003,
  number =	 "Licentiate Thesis"
}

@PhdThesis{sanf00lic,
  author    = "Sanfridson, Martin",
  title     = "Timing Problems in Distributed Control",
  school    = "Mechatronics Laboratory, Department of Machine
		  Design, Royal Institute of Technology, Stockholm, Sweden",
  year      = 2000,
  number = "ISRN KTH/MMK/R-{\hskip0.1em}-00/14-{\hskip0.1em}-SE",
  month =        may,
  type      = "Licentiate thesis"
}
		  
@TechReport{sanf00t,
  author    = "Sanfridson, Martin",
  title     = "Timing Problems in Distributed Computer Control Systems",
  institution = "Mechatronics Laboratory, Department of Machine
		  Design, Royal Institute of Technology, Stockholm, Sweden",
  year      = 2000,
  number = "ISRN KTH/MMK/R-{\hskip0.1em}-00/11-{\hskip0.1em}-SE",
  month =        may
}
		  
		  
@Article{abd+00,
  author = 	 "Tarek F. Abdelzaher and Ella M. Atkins and Kang Shin",
  title = 	 "{QoS} Negotiation in Real-Time Systems and Its
		  Application to Automated Flight Control",
  journal =	 "IEEE Transactions on Computers",
  year =	 2000,
  volume =	 49,
  number =	 11,
  pages =        "1170--1183",		  
}

@TechReport{abd00,
  author = 	 "Tarek F. Abdelzaher",
  title = 	 "A Schedulable Utilization Bound for Aperiodic Tasks",
  institution =  "University of Virginia",
  year = 	 2000,
  number =	 "CS-2000-21",
  month =	 aug,
  annote =       "K-E, Anton"
}
		  
@InProceedings{abdatkshi,
  author = 	 "T. Abdelzaher and E.M. Atkins and K.G. Shin",
  title = 	 "{QoS} negotiation in real-time systems, and its
		  application to flight control",
  booktitle =	 "Proceedings of the 18th IEEE Real-Time Systems Symposium",
  year =	 1997,
  address =      "San Francisco, CA, USA",		  
  pages =        "228--238",		  
  annote =	 "processor utilization allocation, AI planner,
		  different QoS levels, K-E"
}
		  
@InProceedings{abdshi,
  author = 	 "T. Abdelzaher and K.G. Shin",
  title = 	 "End-host architecture for {Q}o{S}-adaptive communication",
  booktitle =	 "Proceedings of the IEEE Real-Time Technology and
		  Applications Symposium",
  year =	 1998,
  annote =	 "K-E"
}

@InProceedings{abdshi99,
  author = 	 "T. Abdelzaher and K.G. Shin",
  title = 	 "{QoS} provisioning with q-contracts in web and
		  multimedia servers",
  booktitle =	 "Proceedings of the IEEE Real-Time Systems Symposium",
  year =	 1999,
  address =	 "Phoenix, Arizona",
  month =	 dec,
  annote =	 "K-E"		  
}
		  
@InProceedings{abe+99,
  author = 	 "Luca Abeni and Giuseppe Lipari and Giorgio Buttazzo",
  title = 	 "Constant Bandwidth vs Proportional Share Resource
		  Allocation",
  booktitle =	 "Proceedings of the IEEE International Conference on
		  Multimedia Computing and Systems",
  year =	 1999,
  annote =	 "Anton"
}

@InProceedings{abe+but98,
  author = 	 "Luca Abeni and Giorgio Buttazzo",
  title = 	 "Integrating Multimedia Applications in Hard
		  Real-Time Systems",
  booktitle =	 "Proceedings of the 19th IEEE Real-Time Systems Symposium",
  year =	 1998,
  address =	 "Madrid, Spain",
  annote =       "Describes the Constant Bandwidth Server--CBS, Anton"
} 

@InProceedings{abebut,
  author = 	 "L. Abeni and G. Buttazzo",
  title = 	 "{QoS} guarantee using probabilistic deadlines",
  booktitle =	 "Proceedings of the 11th Euromicro Conference on
		  Real-Time Systems", 
  year =	 1999,
  annote =	 "statistical guarantees that tasks will meet their
		  deadlines based on inter-arrival and execution time
		  probability distributions, Anton (proc)"
}
		  
@InProceedings{abebuthong,
  author =       "L. Abeni and G. Buttazzo",
  title =        "Adaptive bandwidth reservation for multimedia computing",
  booktitle =    "Proceedings of IEEE Real Time Computing
                  Systems and Applications, Hong Kong",
  year =         1999,
  annote =       "Anton (proc)"
}
		  
@InProceedings{ahoshirun,
  author = 	 "L. Zhou and K.G. Shin and E. Rundensteiner",
  title = 	 "Rate-Monotonic Scheduling in the Presence of Timing
		  Unpredictability ",
  booktitle =	 "Proceedings of the IEEE Real-Time Technology and
		  Applications Symposium",
  year =	 1998
}

@InProceedings{alb+00,
  author = 	 "P. Albertos and A. Crespo and I. Ripoll and M.
		  Vallés and P. Balbastre",
  title = 	 "RT Control Scheduling to Reduce Control Performance
		  Degrading",
  booktitle =	 "Proceedings of the 39th IEEE Conference on Decision
		  and Control",
  year =	 2000,
  address =	 "Sydney, Australia",
  annote =	 "Anton"
}

@Article{alb+cre99,
  author = 	 "Pedro Albertos and Alfons Crespo",
  title = 	 "Real-Time Control of Non-Uniformly Sampled Systems",
  journal =	 "Control Engineering Practice",
  year =	 1999,
  volume =	 7,
  pages =	 "445--458",
  annote =	 "Tidskrifsversion av [albcre], Anton"
}
		  
@InProceedings{albcre,
  author = 	 "P. Albertos and A. Crespo",
  title = 	 "Real-Time Control of unconventionally sampled data systems",
  booktitle =	 "Proceedings of the 4th IFAC Workshop on
		  Algorithms and Architectures for Real-Time Control,
		  Algarve, Portugal",
  year =	 1997,
  annote =	 "Anton"
}

@InProceedings{aldbur,
  author = 	 "S. Aldarmi and A. Burns",
  title = 	 "Dynamic value-density for scheduling real-time systems",
  booktitle =	 "Proceedings of the 11th Euromicro Conference on
		  Real-Time Systems", 
  year =	 1999,
  annote =	 "compares dynamic v-d with v-d and EDF, graceful
		  degradation in overload situations, K-E"
}
		  
@Article{anc+98,
  author = 	 "P. Ancilotti and G. Buttazzo and M. Di Natale and M.
		  Spuri",
  year =	 1998,
  title = 	 "Design and Programming Tools for Time Critical
		  Applications",
  journal =	 "Real-Time Systems",
  volume =	 14,
  number =	 3,
  pages =	 "251--269",
  month =	 "May",
  annote =	 "Anton"		  
}

@InProceedings{atlbes,
  author = 	 "A.K. Atlas and A. Bestavros",
  title = 	 "Statistical Rate Monotonic Scheduling",
  booktitle =	 "Proceedings of the IEEE Real-Time Systems Symposium",
  year =	 1998,
  annote =	 "probabilistic RM scheduling, K-E"
}

@InProceedings{aud+93,
  author = 	 "N. Audsley and K. Tindell and A. Burns",
  title = 	 "The end of the line for static cyclic scheduling",
  booktitle =	 "Proceedings of 5th Euromicro Workshop on Real-Time
		  Systems",
  year =	 1993,
  annote =	 "Offset scheduling, Anton"
}
		  
@Article{aud+94,
  author = 	 "N. Audsley and A. Burns and M. Richardson and A.
		  Wellings", 
  year =	 1994,
  title = 	 "{STRESS}---{A} Simulator for Hard Real-Time Systems",
  journal =	 "Software---Practice and Experience",
  volume =	 24,
  number =	 6,
  pages =	 "543--564",
  month =	 "June"
}

@Article{aud+95,
  author = 	 "N. Audsley and A. Burns and R. Davis and K. Tindell
		  and A. Wellings",
  title = 	 "Fixed Priority Pre-emptive Scheduling: An Historical 
		  Perspective",
  journal =	 "Real-Time Systems",
  year =	 1995,
  volume =	 8,
  pages =	 "173--198",
  annote =	 "Fixed priority scheduling overview, Anton"		  
}

@Article{audburrictinwel,
  author = 	 "N. Audsley and A. Burns and M. Richardson and K.
		  Tindell and A. Wellings",
  title = 	 "Applying new scheduling theory to static preemptive
		  scheduling",
  journal =	 "Software Engineering Journal",
  year =	 1993,
  volume =	 8,
  number =	 5,
  pages =	 "285--292"
}
		  
@MastersThesis{bandersson99,
  author =       "B. Andersson",
  title =        "Adaption of Time-Sensitive Tasks on Shared Memory
		  Multiprocessors: A Framework suggestion",
  school =       "Department of Computer Engineering, Chalmers
		  University of Technology",
  year =         1999,
  number =       777,
  month =        jan
}
		  
@InProceedings{bar98,
  author = 	 "S. Baruah",
  title = 	 "A general model for recurring real-time tasks ",
  booktitle =	 "Proceedings of the IEEE Real-Time Systems Symposium",
  year =	 1998,
  annote =	 "A new model for hard-real-time tasks --- the
		  *recurring real-time task* model --- is introduced.
		  This model generalizes earlier models such as the
		  sporadic task model and the generalized multi-frame
		  task model. An algorithm is presented for 
		  feasibility-analysis of a system of independent
		  recurring real-time tasks in a preemptive
		  uniprocessor environment. K-E  "
}
		  
@InProceedings{bar98_2,
  author = 	 "S. Baruah",
  title = 	 "Overload tolerance for single-processor workloads",
  booktitle =	 "Proceedings of the IEEE Real-Time Technology and
		  Applications Symposium",
  year =	 1998,
  organization = "{I}{E}{E}{E} Computer Society Press",
  annote =	 "K-E"
}

@InProceedings{barbutgorlip,
  author =       "Sanjoy Baruah and Giorgio Buttazzo and Sergey
                  Gorinsky and Giuseppe Lipari",
  title =        "Scheduling periodic task systems to minimize output jitter",
  year =         1999,
  month =        "December",
  booktitle =    "Proc. 6th International Conference on
                  Real-Time Computing Systems and Applications,
                  Hong-Kong, China",
  annote =       "Anton (proc)"
}
                  
@Misc{barchegormok,
  author =	 "S. Baruah and D. Chen and S. Gorinsky and A. Mok",
  title =	 "Generalized multi-frame tasks",
  year =         1999,		  
  howpublished = "Submitted for publication. Available from 
		  \verb+www.emba.uvm.edu/~sanjoy+",
  annote =	 "K-E"
}

@InProceedings{barchemok,
  author = 	 "S.K. Baruah and D. Chen and A.K. Mok",
  title = 	 "Jitter concerns in periodic task systems",
  booktitle =	 "Proceedings of the 18th Real-Time Systems Symposium",
  year =	 1997,
  annote =	 "jitter in periodic tasks, Anton"
}

@InProceedings{barchemok_99,
  author = 	 "S. Baruah and D. Chen and A. Mok",
  title = 	 "Static-priority scheduling of multi-frame tasks",
  booktitle =	 "Proceedings of the 11th Euromicro Conference on
		  Real-Time Systems", 
  year =	 1999, 
  annote =	 "RM, multi-frame tasks, generalization of previous
		  results, K-E"
}

@Misc{bargor,
  author =	 "S. Baruah and S. Gorinsky",
  title =	 "Scheduling periodic task systems to minimize output
		  jitter",
  year =         1999,
  howpublished = "Submitted for publication. Available from 
		  \verb+www.emba.uvm.edu/~sanjoy+",
  annote =	 "K-E"
}

@Article{barhar,
  author = 	 "S. Baruah and J. Haritsa",
  title = 	 "Scheduling for overload in real-time systems",
  journal =	 "{I}{E}{E}{E} Trans Computers",
  year =	 1997,
  volume =	 46,
  number =	 9,
  pages =	 "1034--1039",
  annote =	 "Overload handling by introducing more power ful
		  processsors"
}

@InProceedings{batbur,
  author = 	 "I. Bate and A. Burns",
  title = 	 "An approach to task attribute assignment for
		  uniprocessor systems",
  booktitle =	 "Proceedings of the 11th Euromicro Conference on
		  Real-Time Systems", 
  year =	 1999,
  annote =	 "how to go from timing requirements to task timing
		  attributes, K-E"
}

@InProceedings{bec+99,
  author = 	 "G. Beccari and S. Caselli and M. Reggiani and F. Zanichelli",
  title = 	 "Rate Modulation of Soft Real-Time Tasks in
		  Autonomous Robot Control Systems",
  pages =	 "21--28",
  booktitle =	 "Proceedings of the 11th Euromicro Conference on
		  Real-Time Systems",
  year =	 1999,
  address =	 "York, England",
  annote =       "Anton (proc)"
}
  
@InProceedings{berbur,
  author = 	 "G. Bernat and A. Burns",
  title = 	 "Exact schedulability analysis of aperiodic servers",
  booktitle =	 "Proceedings of the 11th Euromicro Conference on
		  Real-Time Systems", 
  year =	 1999,
  annote =	 "sched. analysis of sporadic server and deferred
		  server, Anton (proc)"

}
		  
@Article{binengjacves,
  author = 	 "P. Binns and M. Englehart and M. Jackson and S. Vestal",
  title = 	 "Domain-specific software architectures for guidance, 
		  navigation and control",
  journal =	 "Int. Journal of Software Engineering",
  year =	 "199X",
  annote =	 "architecture specification languages, cp Simplex, K-E"
}

@InProceedings{binns,
  author = 	 "P. Binns",
  title = 	 "Incremental rate-monotonic scheduling for improved
		  control system performance",
  booktitle =	 "Proceedings of the IEEE Real-Time Technology and
		  Applications Symposium",
  year =	 1997,
  annote =	 "RM, slack-stealing, decides how much execution time
		  that is available before deciding whether a task may
		  continue or selecting a certain version of a task, Johan"
}

@TechReport{binves,
  author = 	 "P. Binns and S. Vestal",
  title = 	 "Architecture specifications for complex real-time
		  dependable systems",
  institution =  "Honeywell Technology Center, Minneapolis",
  year = 	 "199X",
  annote =	 "architecture specification languages, cp Simplex, K-E"
}

@Article{bleram,
  author = 	 "P.R. Blevins and C.V. Ramamoorthy",
  title = 	 "Aspects of a dynamically adaptive operating system ",
  journal =	 "{I}{E}{E}{E} Trans Computers",
  year =	 1976,
  volume =	 25,
  number =	 7,
  annote =	 "Feedback queue scheduling in ordinary time-sharing OS"
}
		  
@InProceedings{bur+94,
  author = 	 "A. Burns and K. Tindell and A.~J. Wellings",
  year =         1994,
  title = 	 "Fixed Priority Scheduling with Deadlines Prior to
		  Completion",
  booktitle =    "Proceedings of the 6th Euromicro Workshop on
		  Real-Time Systems",
  pages =        "138--142"
}
		  
@InProceedings{bur+98,
  author = 	 "A. Burns",
  title = 	 "The Meaning and Role of Value in Scheduling Flexible
		  Real-Time Systems",
  volume =	 "Proceedings of the IEEE Real-Time Computing
		  Systems Application Conference (RTCSA), Hiroshima, Japan",
  year =	 1998
}

@Misc{burns++,
  author =	 "A. Burns and D. Prasad and A. Bondavalli and F.
		  Di~Giandomenico and K. Ramamritham and J. Stankovic
		  and L. Stigini",
  title =	 "The meaning and role of value in scheduling flexible 
		  real-time systems",
  howpublished = "On the net",
  year =	 "199X",
  annote =	 "Overview of value-based scheduling, Anton"
}

@Book{but97,
  author = 	 "Giorgio C. Buttazzo",
  title = 	 "Hard Real-Time Computing Systems: Predictable
		  Scheduling Algorithms and Applications",
  publisher = 	 "Kluwer Academic Publishers",
  year = 	 1997
}

@InProceedings{butlipabe,
  author = 	 "G. Buttazzo and G. Lipari and L. Abeni",
  title = 	 "Elastic Task Model For Adaptive Rate Control",
  booktitle =	 "Proceedings of the 19th IEEE Real-Time Systems Symposium",
  year =	 1998,
  address =	 "Madrid, Spain",
  annote =	 "An increasing number of real-time applications,
		  related to multimedia and adaptive control systems,
		  require greater flexibility than classical real-time
		  theory usually permits. In this paper we present a
		  novel periodic task model, in which tasks' periods are
                  treated as springs, with given elastic coefficients.
		  Under this framework, periodic tasks can
		  intentionally change their execution rate to provide 
		  different quality of service, and the other tasks
		  can automatically adapt their periods to keep the system
                  under-loaded. The proposed model can also be used to
		  handle overload conditions in a more flexible way,
		  and provide a simple and efficient mechanism for 
		  controlling the quality of service of the system as
		  a function of the current load. K-E "
}

@InProceedings{buttspusen,
  author = 	 "G. Buttazzo and M. Spuri and  F. Sensini",
  title = 	 "Value vs Deadline Scheduling in Overload Conditions",
  volume =	 "Proceedings of the 16th {I}{E}{E}{E} Real-Time
		  Systems Symposium",
  year =	 1995
}

	  

@TechReport{buttstan,
  author = 	 "G. Buttazzo and J. Stankovic",
  title = 	 "Adding robustness in dynamic preemptive scheduling",
  institution =  "Scuola Superiore S. Anna",
  year = 	 "199X",
  annote =	 "robust EDF for hard aperiodic tasks under overloads
		  in a dynamic environment, simulations, comparisons, Johan"
}		  
		  
		  

@InProceedings{cacbut,
  author = 	 "M. Caccamo and G. Buttazzo",
  title = 	 "Exploiting skips in periodic tasks for enhancing
		  aperiodic responsiveness",
  booktitle =	 "Proceedings of the 18th IEEE Real-Time System Symposium",
  year =	 1997,
  annote =	 "K-E"
}

@InProceedings{cayorosansan,
  author = 	 "R. Cayssials and J. Orozco and J. Santos and R. Santos",
  title = 	 "Rate monotonic scheduling of real-time control
		  systems with the minimum number of priority levels",
  booktitle =	 "Proceedings of the 11th Euromicro Conference on
		  Real-Time Systems", 
  year =	 1999,
  annote =	 "determine the minimum number of priority levels needed, K-E"
}
		  
@Unpublished{cer01+,
  author = 	 "A. Cervin and J. Eker and B. Bernhardsson and K.-E.
		  Årzén",
  title = 	 "Feedback-Feedforward Scheduling of LQG-Control
		  Tasks",
  note = 	 "In journal submission",
  year =	 2001
}

@Unpublished{cer01+acc,
  author = 	 "A. Cervin and D. Henriksson and J. Eker and K.-E.
		  Årzén",
  title = 	 "True-time simulation of distributed real-time
		  control systems",
  note = 	 "Submitted to ACC 2002",
  year =	 2001
}

@TechReport{cheagr94,
  author = 	 "S.-T. Cheng and A.K. Agrawala",
  title = 	 "Scheduling of  periodic tasks with 
		  relative timing constraints",
  institution =  "University of Maryland, College Park, MD",
  year = 	 1994,
  number =	 "CS-TR-3392, UMIACS-TR-94-135",
  annote =	 "See above, Johan Eker"
}		  

@TechReport{cheagr95,
  author = 	 "S.-T. Cheng and A.K. Agrawala",
  title = 	 "Allocation and scheduling of real-time periodic
		  tasks with relative timing constraints",
  institution =  "University of Maryland, College Park, MD",
  year = 	 1995,
  number =	 "CS-TR-3402, UMIACS-TR-95-6",
  annote =	 "allocation ans scheduling of tasks with constrains
		  on relative timing between consecutive executions of 
		  each task, simulated annealing algorithm, Johan Eker"
}
		  
		  
@TechReport{choagrshi,
  author = 	 "S. Choi and A.K. Agrawala and L. Shi",
  title = 	 "Designing dynamic temporal controls for critical systems",
  institution =  "Computer Science, Univ. of Maryland",
  year = 	 1997,
  number =	 "CS-TR-3804",
  annote =	 "dynamic temporal control, calculates control signal
		  U and the time for next sampling, Anton"
}

@Article{chuliulin,
  author = 	 "J.-Y. Chung and J.W.S. Liu and K.-J. Lin",
  title = 	 "Scheduling periodic jobs that allow imprecise results",
  journal =	 "{I}{E}{E}{E} Trans on Computers",
  year =	 1990,
  volume =	 39,
  number =	 9,
  annote =	 "Imprecise tasks, anytime algorithms, schedulering, 
		  Johan"
}

@Unpublished{cotdav,
  author = 	 "F. Cottet and L. David",
  title = 	 "Time jitter handling in deadline based scheduling of 
		  real-time systems",
  note = 	 "Work in progress",
  year = 	 "1999",
}

@Misc{cotdavgraph,
  author =	 "F. Cottet and L. David",
  title =	 "A graphical method for evaluating and improving task 
		  parameters in hard real-time systems",
  howpublished = "Rejected for Euromicro'99",
  year =	 1999,
  annote =	 "Graphical method, three axis: deadline, period,
		  execution time, kul, K-E"
}
		  
		  
@InProceedings{cre+99,
  year =	 1999,		  
  author = 	 "A. Crespo and I. Ripoll and P. Albertos",
  title = 	 "Reducing Delays in {RT} Control: The Control Action
		  Interval",
  pages =	 "257--262",
  booktitle =	 "Proceedings of the 14th World Congress of IFAC",
  annote =       "The control algoritm is divided into three tasks: A/D,
		  Calculate Output, and D/A. Update State is
		  mentioned, but not considered. The foremost goal is
		  to reduce the output jitter, not the delay. Three
		  priority blocks are used: High for D/A, Medium for
		  A/D and Low for Calculate Output. D/A is also given
		  an offset. Schedulability test similar to Härbour's.
		  No control example given."
}

@TechReport{davis,
  author = 	 "Robert Davis",
  title = 	 "Dual priority scheduling: A means of providing
		  flexibility in hard real-time systems",
  institution =  "Department of Computer Science, University of York",
  year = 	 "199x",
  annote =	 "dual priority approach to handle off-line guarantees 
		  for hard tasks in combination with soft tasks, Johan"
}
		  
		  

@TechReport{davis2,
  author = 	 "Robert Davis",
  title = 	 "Integrating best-effort policies into hard real-time 
		  systems based on fixed priority pre-emptive
		  scheduling",
  institution =  "Dept. of Computer Science, University of York",
  year = 	 "199X",
  annote =	 "combines best-effort and fixed priority scheduling, K-E"
}

@InProceedings{davwel,
  author = 	 "R. Davis and A.J. Wellings",
  title = 	 "Dual Priority Scheduling",
  booktitle =	 "Proceedings of the IEEE Real-Time Systems Symposium",
  year =	 1995
}
		  

@Article{dertouzos99,
  author = 	 "Dertouzos, Michael L.",
  title = 	 "The Future of Computing",
  journal =	 "Scientific American",
  year =	 1999,
  pages =	 "52-55",
  month =	 "August"
}

@InProceedings{dinsta,
  author = 	 "M. Di Natale and J.A. Stankovic",
  title = 	 "Applicability of simulated annealing methods to
		  real-time scheduling and jitter control",
  booktitle =	 "Proceedings of the 16th IEEE Real-Time Systems Symposium",
  year =	 1995,
  annote =	 "This paper presents a non-conventional scheduling 
		  approach for distributed static systems where 
		  tasks are periodic and have arbitrary deadlines,
		  precedence, and exclusion constraints. The solution 
		  presented in this work not only creates feasible 
		  schedules, but also minimizes jitter for periodic 
		  tasks. The problem of scheduling real-time tasks
		  with minimum jitter is particularly important in
                  many control applications, nevertheless, it has 
		  been rarely studied in the scientific literature. 
		  We present a general framework consisting of an 
		  abstract architecture model and a general 
		  programming model. We show how to design a 
		  surprisingly simple and flexible scheduling method 
		  based on simulated annealing and present some 
		  experimental results. "
}

@Article{eker+blomdell00a,
  author = 	 "Johan Eker and Anders Blomdell",
  title = 	 "A Flexible Interactive Environment for Embedded Controllers",
  journal =	 "IFAC Control Engineering Practice",
  year =	 2000,
  number =	 2,
  month =	 "February"
}no

@InProceedings{eker+blomdell00b,
  author = 	 "Johan Eker and Anders Blomdell",
  title = 	 "A Contract-Based Language For Embedded Control Systems",
  booktitle =	 "Proceedings ofthe 25th IFAC/IFIP Workshop on
		  Real-Time Programming", 
  year =	 2000,
  organization = "IFAC/IFIP",
  address =	 "Palma de Mallorca, Spain",
  month =	 "May"
}

@Article{estkroshachu,
  author = 	 "D. Seto and B.H. Krogh and L. Sha and A. Chutinan",
  title = 	 "Dynamic control system upgrade using the {S}implex
		  architecture ",
  journal =	 "{I}{E}{E}{E} Control Systems",
  year =	 1998,
  month =	 "August",
  annote =	 "Simplex, Johan"
}
		  
@Book{fletcher87,
  author = 	 "Roger Fletcher",
  title = 	 "Practical Methods of Optimization",
  publisher = 	 "Wiley, UK",
  year = 	 1987,
  edition =	 "Second"
}

@InProceedings{fohler,
  author = 	 "G. Fohler",
  title = 	 "Adaptive fault-tolerance with statically scheduled
		  real-time systems",
  year =	 1997,
  annote =	 "static scheduling, runtime integration of dynamic
		  scheduling through slot shifting, Johan"
}
		  
@Article{garhar,
  author = 	 "J.J.G. Garcia and M.G. Harbour",
  title = 	 "Minimizing the effects of jitter in distributed hard
		  real-time systems",
  journal =	 "Journal of Systems Architecture",
  year =	 1996,
  volume =	 42,
  number =	 "6-7",
  pages =	 "431--447"
}

@InProceedings{ger+hong93,
  author = 	 "R. Gerber and S. Hong",
  year =	 1993,
  title = 	 "Semantics-Based Compiler Transformations for
		  Enhanced Schedulability",
  pages =	 "232--242",
  booktitle =	 "Proceedings of the 14th IEEE Real-Time
		  Systems Symposium", 
  month =	 "December"
}

@Article{ger+hong97,
  author = 	 "R. Gerber and S. Hong",
  year = 	 1997,
  title = 	 "Slicing Real-Time Programs for Enhanced Schedulabilty",
  journal = 	 "ACM Transactions on Programming Languages and Systems",
  volume =	 19,
  number =	 3,
  pages =	 "525--555",
  month =	 "May"
}
		  
@Article{gerhon,
  author = 	 "R. Gerber and S. Hong",
  title = 	 "Slicing real-time programs for enhanced schedulability",
  journal =	 "{A}{C}{M} Trans. on Programming Languages and Systems",
  year =	 1994,
  volume =	 19,
  number =	 3,
  annote =	 "slicing a task into a time-critical part and one
		  unobservable part, the unobservable part may be
		  postpones beyond the original deadline, Anton"
}

@Article{gerhonsak,
  author = 	 "R. Gerber and S. Hong and M. Saksena",
  title = 	 "Guaranteeing real-time requirements with
		  resource-based calibration of periodic processes",
  journal =	 "{I}{E}{E}{E} Trans on Software Engineering",
  year =	 1995,
  volume =	 21,
  number =	 7,
  annote =	 "period calibration method, method for deriving
		  periods and deadlines for tasks, used by Ryu!!, K-E"
}
		 
@Book{gill81,
  author = 	 "Philip E. Gill and Walter Murray and Margaret H. Wright",
  title = 	 "Practical Optimization",
  publisher = 	 "Academic Press, UK",
  year = 	 1981
}

@Article{gupjal,
  author = 	 "D. Gupta and P. Jalote",
  title = 	 "A formal framework for on-line software version change",
  journal =	 "{I}{E}{E}{E} Trans Software Engineering",
  year =	 1996,
  volume =	 22,
  number =	 2,
  annote =	 "on-line software changes, Johan"
}

@TechReport{gusk+hag91t,
  author = 	 "K. Gustafsson and P. Hagander",
  year = 	 1991,
  title = 	 "Discrete-Time {LQG} with Cross-Terms in the Loss
		  Function and the Noise Description",
  institution =  "Department of Automatic Control, Lund Institute of
		  Technology, Lund, Sweden",
  number =	 "TFRT-7475"
}
		  
@InProceedings{guthar,
  author = 	 "J.C.P. Gutierrez and M.G. Harbour",
  title = 	 "Schedulability analysis for tasks with static and
		  dynamic offsets",
  booktitle =	 "Proceedings of 19th IEEE Real-Time Systems
		  Symposium, Madrid",
  year =	 1998
}
		  
@Article{hal93,
  author = 	 "W. Halang",
  title = 	 "Achieving jitter-free and predictable real-time
		  control by accurately timed computer peripherals",
  journal =	 "Control Engineering Practice",
  year =	 1993,
  volume =	 1,
  number =	 6,
  pages =	 "979--987",
  annote =       "Anton"
}

@Article{hal_rt,
  author = 	 "W. Halang",
  title = 	 "Real-Time Systems: Another Perspective",
  journal =	 "Journal of Systems and Software",
  year =	 1992,
  annote =	 "overview real-time, K-E"
}

@Article{halray,
  author = 	 "Y. Halevi and A. Ray",
  title = 	 "Integrated Communication and Control systems: Part I 
		  -- Analysis",
  journal =	 "Journal of Dynamic Systems, Measurement, and Control",
  year =	 1988,
  volume =	 110,
  annote =	 "Johan Nilsson, closing control loops over
		  communication networks, effects of delays, Anton"
}

@InProceedings{har+91,
  author = 	 "M. G. Harbour and M. H. Klien and J. Lehoczky",
  title = 	 "Fixed priority scheduling periodic tasks with
		  varying execution priority",
  booktitle =	 "Proceedings of the 12th IEEE Real-Time System Symposium",
  year =	 1991
}

@Article{har+94,
  author = 	 "M. G. Harbour and M. G. and M.~H. Klein and J.~P. Lehoczky",
  year = 	 1994,
  title = 	 "Timing Analysis for Fixed-Priority Scheduling of
		  Hard Real-Time Systems",
  journal = 	 "IEEE Transactions on Software Engineering",
  volume = 	 20,
  number =	 1,
  pages =	 "13--28",
  month =	 "January"
}


@Article{hennessy99,
  author = 	 "Hennessy, John",
  title = 	 "The Future of Systems Research",
  journal =	 "IEEE Computer",
  year =	 1999,
  month =	 "August"
}

@PhdThesis{henriksson98,
  author = 	 "Henriksson, Roger",
  title = 	 "Scheduling Garbage Collection in Embedded Systems",
  school = 	 "Department of Computer Science, Lund Institute of Technolgy",
  year = 	 1998,
  address =	 "Lund, Sweden"
}

@Article{hong95,
  author = 	 "S. H. Hong",
  year =	 1995,
  title = 	 "Scheduling Algorithm of Data Sampling Times in the
		  Integrated Communication and Control Systems",
  journal =	 "IEEE Transactions on Control Systems Technology",
  volume =	 3,
  number =	 2,
  month =	 "June"
}

@InProceedings{honleu,
  author = 	 "K.S. Hong and J. Leung",
  title = 	 "On-line scheduling of real-time tasks",
  pages =	 "244--250",
  booktitle =	 "Proceedings of the Real-Time Systems Symposium",
  year =	 1988,
  annote =	 "on-line scheduling, dynamic priority changes"
}
		  
@TechReport{humsta,
  author = 	 "M. Humphrey and J. Stankovic",
  title = 	 "{C}{A}{I}{S}{A}{R}{T}{S}: A tool for real-time
		  scheduling assistance",
  institution =  "UMass Computer Science",
  year = 	 1996,
  number =	 "TR 96-07",
  annote =	 "Expert system for scheduling, K-E"
}

@TechReport{hwacheagr93,
  author = 	 "S.-I. Hwang and C.-M. Chen and A.K. Agrawala",
  title = 	 "Scheduling and overloaded real-time system ",
  institution =  "University of Maryland, College Park, MD",
  year = 	 1993,
  number =	 "CS-TR-3377, UMIACS-TR-94-128",
  annote =	 "overload problem, tasks with criticality and weight,
		  generate optimal schedule so that all critical tasks 
		  are scheduled and the weight of the non-critical
		  rejected tasks is minimized, heuristic algorithm,
		  Johan Eker"
}

@InProceedings{jehber,
  author = 	 "J. Jehuda and D.M. Berry",
  title = 	 "A top layer design approach for adaptive real-time software",
  booktitle =	 "Proc. {I}{F}{A}{C} Real-Time Programming, Fort
		  Lauderdale, FL",
  year =	 1995,
  annote =	 "adaptive programme modeling and control, ATLAS, Johan"
}

@TechReport{jehbertech,
  author = 	 "J. Jehuda and D.M. Berry",
  title = 	 "A top layer architecture for {A}{T}{L}{A}{S}",
  institution =  "Technion -- Israel Institute of technology",
  year = 	 1994,
  number =	 "EE Pub. No. 946",
  annote =	 "Introduces the ATLAS system, Johan"
}

@TechReport{jehbertech2,
  author = 	 "J. Jehuda and D.M. Berry",
  title = 	 "A top layer design approach for adaptive real-time software",
  institution =  "Technion -- Israel Institute of technology",
  year = 	 1995,
  number =	 "EE Pub. No. 966",
  annote =	 "Yet another ATLAS, Johan"
}		  
		  
@Article{jehisr98,
  author = 	 "J. Jehuda and A. Israeli",
  title = 	 "Automated Meta-Control for adaptable real-time software",
  journal =	 "Real-Time Systems",
  year =	 1998,
  volume =	 14,
  annote =	 "Yet another ATLAS"
}

@TechReport{jehisrtech,
  author = 	 "J. Jehuda and A. Israeli",
  title = 	 "Automated meta-control for adaptable real-time software",
  institution =  "Technion -- Israel Institute of technology",
  year = 	 1995,
  number =	 "EE Pub. No. 943",
  annote =	 "ATLAS related, Johan"
}
		  
@TechReport{jehkor,
  author = 	 "J. Jehuda and G. Koren",
  title = 	 "Hybrid bandwidth scheduling for distributed real-time 
		  systems",
  institution =  "Technion -- Israel Institute of Technology",
  year = 	 1995,
  number =	 "EE Pub. No. 945",
  annote =	 "distributed systems, decomposition of large
		  scheduling into several smaller scheduling problems, 
		  bin-packing problem, Johan"
}

@TechReport{jehkorbertech,
  author = 	 "J. Jehuda and G. Koren and D.M. Berry",
  title = 	 "A time-sharing architecture for complex real-time systems",
  institution =  "Technion -- Israel Institute of technology",
  year = 	 1995,
  number =	 "EE Pub. No. 965",
  annote =	 "More ATLAS related, Johan"
}		  
		  
@InProceedings{jonlea,
  author = 	 "M.B. Jones and P.J. Leach",
  title = 	 "Modular real-time resource management in the
		  {R}ialto operating system",
  booktitle =	 "Proceedings of the of the Fifth Workshop on Hot Topics in
		  Operating Systems",
  year =	 1995,
  annote =       "support for application that reasons about their own 
		  resource requirements, resource planner, OS design, Johan"
}

@TechReport{jonlea_rep,
  author = 	 "M.B. Jones and P.J. Leach",
  title = 	 "Modular real-time resource management in the
		  {R}ialto operating system",
  institution =  "Microsoft Research",
  year = 	 1995,
  number =	 "MSR-TR-95-16",
  address =	 "Advanced Technology Division"
}

@Article{jos+pan86,
  author = 	 "M. Joseph and P. Pandya",
  year =         1986,
  title = 	 "Finding Response Times in a Real-Time System",
  journal = 	 "The Computer Journal",
  volume = 	 29,
  number =       5,
  pages = 	 "390--395"
}		  
		  
		  
@InProceedings{kao+gar93,
  author = 	 "B. Kao and H. Garcia-Molina",
  year =	 1993,
  title = 	 "Deadline Assignment in a Distributed Soft Real-Time
		  System",
  booktitle =	 "Proceedings of the 13th International Conference on 
		  Distributed Computing Systems"
}
		  
@InProceedings{kim96,
  author = 	 "N. Kim et.al.",
  title = 	 "Visual assessment of a real-time system design: A
		  case study of a {C}{N}{N} controller",
  booktitle =	 "Proceedings of the IEEE Real-Time Systems Symposium",
  year =	 1996,
   		  
  annote =	 "period calibration method, method for deriving
		  periods and deadlines for tasks, used by Ryu!!, Skaffa"
}

@InProceedings{kim98,
  author =	 "Byung Kook Kim",
  year =	 1998,
  title =	 "Task Scheduling with Feedback Latency for Real-Time
		  Control Systems",
  booktitle =    "Proceedings of the 5th International Conference on
		  Real-Time Computing Systems and Applications",
  pages =        "37--41"
}

		  	  
@InProceedings{kim_XX,
  author =	 "Byung Kook Kim",
  year =	 1998,
  title =	 "Task Scheduling with Feedback Latency for Real-Time
		  Control Systems",
  booktitle =    "Proceedings of the 5th International Conference on
		  Real-Time Computing Systems and Applications",
  pages =        "37--41",
  annote =	 "task scheudling with performance index that includes 
		  control delay, Anton"
}
		  
@Article{kimryuhonshi,
  author = 	 "N. Kim and M. Ryu and S. Hong and H. Shin",
  title = 	 "Experimental Assessment of the Period Calibration
		  Method: A Case Study ",
  journal =	 "Journal of Real-Time Systems",
  year =	 "1999",
  note =	 "Accepted for publication",
  annote =	 "K-E"
}

@TechReport{kja1963,
  author = 	 "{\AA}str{\"o}m, Karl Johan",
  title = 	 "On the Choice of Sampling Rates in Optimal Linear Systems",
  institution =  "San Jos{\'e} Research Laboratory, IBM",
  year = 	 1963,
  address =	 "San Jos{\'e}, California",
  month =	 "April",
  number =	 "RJ-243"
}

@Book{kle+93,
  author = 	 "M.~H. Klein and T. Ralya and B. Pollak and R. Obenza 
		  and Gonzalez Härbour, M.",
  year = 	 1993,
  title = 	 "A Practitioner's Handbook for Real-Time Analysis:
		  Guide to Rate Monotonic Analysis for Real-Time Systems",
  publisher = 	 "Kluwer Academic Publisher"
}		  
		  
@InProceedings{kle70,
  author = 	 "L. Kleinrock",
  title = 	 "A continuum of time-sharing scheduling algorithms",
  booktitle =	 "Proc. of {A}{F}{I}{P}{S}, {S}{J}{C}{C}",
  year =	 1970,
  annote =       "Feedback queue scheduling in ordinary time-sharing OS"		  
}

		  
		  
@Book{kop,
  author = 	 "H. Kopetz",
  title = 	 "Real-Time Systems: Design Principles for Distributed
		  Embedded Applications",
  publisher = 	 "Kluwer",
  year = 	 1997,
  address =	 "Boston, MA"
}

@Article{kop+,
  author = 	 "H. Kopetz and A. Damm and C. Koza and M. Mulazzani
		  and W. Schwabl and C. Senft and R. Zainlinger",
  title = 	 "Distributed fault-tolerant real-time systems: The
		  {M}{A}{R}{S} approach",
  journal =	 "{I}{E}{E}{E} Micro",
  year =	 1989,
  annote =	 "The MARS rt-kernel, K-E"
}

		  
@InProceedings{korsha,
  author = 	 "G. Koren and D. Shasha",
  title = 	 "Skip-over: Algorithms and complexity for overloaded
		  systems that allow skips",
  booktitle =	 "Proceedings of the IEEE Real-Time Systems Symposium",
  year =	 1995,
  annote =	 "skip task invocations, SKAFFA"
}

@InProceedings{kosmittok,
  author = 	 "N. Kosugi and A. Mitsuzawa and M. Tokoro",
  title = 	 "Importance-based scheduling for predictable
		  real-time systems using {M}{A}{R}{T}",
  pages =	 "95--100",
  booktitle =	 "Proceedings of the 4th Int. Workshop on Parallel and
		  Distributed Systems",
  year =	 1996,
  address =      "Honolulu, Hawaii, USA",
}
		  

@InProceedings{kosmor,
  author = 	 "N. Kosugi and S. Moriai",
  title = 	 "Dynamic scheduling for real-time threads by period
		  adjustment ",
  pages =	 "402--406",
  booktitle =	 "Proceedings of the First World Congress on Systems
		  Simulation", 
  year =	 1997,
  address =      "Singapore",
}
		  
		  

@Unpublished{kosmortok,
  author = 	 "N. Kosugi and S. Moriai and H. Tokuda",
  title = 	 "Dynamic real-time scheduling incorporating task
		  timing attribute adjustment",
  note = 	 "Work in progress",
  year = 	 "1999",

}
		  		  		
@InProceedings{kostaktok,
  author = 	 "N. Kosugi and K. Takashio and M. Tokoro",
  title = 	 "Modification and adjustment of real-time tasks with
		  rate monotonic scheduling algorithm",
  pages =	 "98-103",
  booktitle =	 "Proceedings of the Second Workshop on Parallel and
		  Distributed Systems", 

  year =	 1994,
  address =      "Cancun, Mexico",		  
  annote =	 "Early Kosugi, MART"
}

		  
@Article{kramag,
  author = 	 "J. Kramer and J. Magee",
  title = 	 "The evolving philosophers problem: Dynamic change management",
  journal =	 "{I}{E}{E}{E} Trans Software Engineering",
  year =	 1990,
  volume =	 16,
  number =	 11,
  annote =	 "dynamic change management, Johan"
}

@InProceedings{krasner97,
  author = 	 "Krasner, Sanford M. and Douglas E. Bernard",
  title = 	 "Integrating autonomy technologies into an embedded
		  spacecraft system-flight software system engineering 
		  for new millennium",
  volume =	 2,
  pages =	 "409-420",
  booktitle =	 "Aerospace Conference",
  year =	 1997,
  organization = "IEEE",
  month =	 "February"
}

@InProceedings{kuomok,
  author = 	 "T.-W. Kuo and A.K. Mok",
  title = 	 "Load adjustment in adaptive real-time systems",
  booktitle =	 "Proceedings of the 12th IEEE Real-Time Systems Symposium",
  year =	 1991,
  annote =       "Task period adjustments, Anton"
}

@InProceedings{leerajmer,
  author = 	 "C. Lee and R. Rajkumar and C. Mercer",
  title = 	 "Experiences with processor reservation and dynamic
		  {Q}o{S} in real-time {M}ach",
  booktitle =	 "Proceedings of Multimedia Japan 96",
  year =	 1996,
  annote =	 "Task period increases"
}

@InProceedings{leh+89,
  author = 	 "J. Lehoczky and L. Sha and Y. Ding",
  year =	 1989,
  title = 	 "The Rate Monotonic Scheduling Algorithm: Exact
		  Characterization and Average Case Behavior",
  booktitle =	 "Proceedings of the 10th IEEE Real-Time Systems
		  Symposium"
}

@InProceedings{lehram,
  author = 	 "J. Lehoczky and S. Ramos-Thuel",
  title = 	 "An optimal algorithm for scheduling soft aperiodic
		  tasks in fixed-priority preemptive systems",
  booktitle =	 "Proceedings of the IEEE Real-Time Systems Symposium",
  year =	 1992,
  annote =	 "Slack stealer aperiodic server"
}

@InProceedings{lehshastr,
  author = 	 "J. Lehoczky and L. Sha and J. Strosnider",
  title = 	 "Enhanced apriodic responsiveness in hard real-time
		  environment ",
  booktitle =	 "Proceedings of the 8th IEEE Real-Time Systems Symposium",
  year =	 1987,
  annote =	 "Introduces the server concept for aperiod events"
}

@Article{leu+whi82,
  author = 	 "J.~Y.~T. Leung and J. Whitehead",
  year =         1982,
  title = 	 "On the Complexity of Fixed-Priority Scheduling of
		  Periodic, Real-Time Tasks",
  journal = 	 "Performance Evaluation",
  volume = 	 2,
  number =       4,
  pages = 	 "237--250"
}
		  
@InProceedings{linah,
  author =       "B. Li and K. Nahrstedt",
  title =        "A control theoretic model for quality of service
                  adaptations",
  booktitle =    "Proceedings of Sixth International Workshop on
                  Quality of Service",
  year =         1998
}

@InProceedings{linher,
  author = 	 "K.J. Lin and A. Herkert",
  title = 	 "Jitter control in time-triggered systems",
  booktitle =	 "Proceedings of the  29th Hawaii International
		  Conference on System Sciences",
  year =	 1996,
  annote =	 "distance constrained output jitter"
}

@TechReport{liu98,
  author = 	 "Liu, Jie",
  title = 	 "Continuous Time and Mixed-Signal Simulation in
		  {Ptolemy II}",
  institution =  "Department of Electrical Engineering and Computer
		  Science, University of California, Berkeley",
  year = 	 1998,
  number =	 "UCB/ERL Memorandum M98/74"
}

@Article{liulin+,
  author = 	 " J. Liu and K.-J. Lin and W.-K. Shih and A. Yu and
		  J.-Y. Chung and W. Zhao",
  title = 	 "Algorithms for scheduling imprecise computations",
  journal =	 "{I}{E}{E}{E} Trans on Computers",
  year =	 "1991",
  annote =	 "algorithms for obtaining optimal schedules in the
		  case of imprecise computations, (K-E), Anton"
}
		  		  		  
@InProceedings{liulinnat,
  author = 	 "J. Liu and K.-J. Lin and S. Natarajan",
  title = 	 "Scheduling real-time, periodic jobs using imprecise results",
  pages =	 "252--260",
  booktitle =	 "Proceedings of the IEEE Real-Time System Symposium",
  year =	 1987
}



@Article{liu+94,
  author = 	 "J. Liu and W.-K. Shih and K.-J. Lin and R. Bettati
		  and J.-Y. Chung",
  title = 	 "Imprecise computations",
  journal =	 "Proceedings of the {I}{E}{E}{E}",
  year =	 1994,
  pages =	 "83-94",
  volume = 	 82,
  number =       1,
  month =	 "Jan",
  annote =	 "imprecise computations, Liu"
}		  		  		  				  
@Article{loc,
  author = 	 "C. D. Locke",
  title = 	 "Software architecture for hard real-time
		  applications: cyclic executive vs. fixed priority
		  executives ",
  journal =	 "Real-Time Systems",
  year =	 1992,
  volume =	 4,
  annote =	 "cyclic executives, K-E"
}

@Article{loc92,
  author = 	 "C.~D. Locke",
  year =         1992,
  title = 	 "Software Architecture for Hard Real-Time
		  Applications: Cyclic vs. Fixed Priority Executives",
  journal =	 "Real-Time Systems",
  volume =	 4,
  pages =	 "37--53"
}

@InProceedings{lu+00,
  author = 	 {C. Lu and J. Stankovic and T. Abdelzaher and G. Tao and 
                  S. Son and M. Marley},
  title = 	 {Performance Specifications and Metrics for Adaptive 
                  Real-Time Systems},
  booktitle = 	 {Proceedings of the 21st IEEE Real-Time Systems Symposium},
  address =      {Orlando, Florida},
  year =	 2000,
  month =	 {December}
}

@InProceedings{lu+99,
  author = 	 "C. Lu and J.A. Stankovic and G. Tao and S. H. Son",
  title = 	 "Design and evaluation of a feedback control {EDF}
		  scheduling algorithm",
  booktitle =	 "Proceedings of the {IEEE} Real-Time Systems Symposium",
  year =	 1999,
  address =	 "Phoenix, Arizona",
  month =	 dec
}

@InProceedings{lu99rtss,
  author = 	 "C. Lu and J. Stankovic and G. Tao and S. Son",
  title = 	 "Design and Evaluation of a Feedback Control EDF
		  Scheduling Algorithm",
  booktitle =	 "Proceedings of 20th IEEE Real-Time Systems
		  Symposium",
  year =	 1999
}
		  	  
		  
@Article{liu+lay73,
  author = 	 "C.~L. Liu and J.~W. Layland",
  year =         1973,
  title = 	 "Scheduling Algorithms for Multiprogramming in a
		  Hard-Real-Time Environment",
  journal = 	 "Journal of the ACM",
  volume = 	 20,
  number =       1,
  pages = 	 "40--61"
}
		  
@InProceedings{mar+00,
  author = 	 "Pau Martí and Ricard Villà and Josep M. Fuertes and
		  Gerhard Fohler",
  title = 	 "Real Time Scheduling Methods Requirements in
		  Distributed Control Systems",
  booktitle =	 "Proceedings of IFAC Workshop on Real Time Programming",
  year =	 2000,
  annote =	 "Anton"
}

@Article{maucou,
  author = 	 "A. Mauthe and G. Coulson",
  title = 	 "Scheduling and admission testing for
		  jitter-constrained periodic threads",
  journal =	 "Multimedia Systems",
  year =	 1997,
  volume =	 5,
  number =	 5,
  pages =	 "337-346"
}

@InProceedings{mercer93,
  author =       "Clifford W. Mercer and Stefan Savage and Hideyuki Tokuda",
  title =        "Processor Capacity Reserves for Multimedia Operating
                  Systems",
  booktitle =    "Proc. Fourth Workshop on Workstation Operating
		  Systems", 
  year =         1993,
  month =         oct,  		  
}
		  
@Book{mjolner,
  author = 	 "J.L. Knudsen and M. Lofgren and O.L. Madsen and B.
		  Magnusson",
  title = 	 "Object-oriented environments: The Mjolner approach",
  publisher = 	 "Prentice Hall",
  year = 	 1994
}

@Article{mokchen,
  author = 	 "A.K. Mok and D. Chen",
  title = 	 "A multi-frame model for real-time tasks",
  journal =	 "{I}{E}{E}{E} Transactions on Software Engineering",
  year =	 1997,
  volume =	 23,
  number =	 10,
  annote =	 "Scheduling of multi-frame tasks (tasks where the
		  execution time follows a sequential pattern), Johan"
}

@InProceedings{mokliu,
  author = 	 "A.K. Mok and G. Liu",
  title = 	 "Early detection of timing constraint violation at runtime",
  booktitle =	 "Proceedings of the IEEE Real-Time Systems Symposium",
  year =	 1997,
  annote =	 "Sounds interesting, SKAFFA"
}

@TechReport{mol+,
  author = 	 "L.D. Molesky and K. Ramamritham and C. Shen and J.A.
		  Stankovic and G. Zlokapa",
  title = 	 "Implementing a predictable real-time multiprocessor
		  kernel -- the {S}pring kernel",
  institution =  "UMass, Computer Science",
  year = 	 1990,
  annote =	 "The Spring kernel, K-E"
}

@InProceedings{nak_98,
  author = 	 "T. Nakajima",
  title = 	 "Resource reservation for adaptive {Q}o{S} mapping in 
		  real-time {M}ach",
  booktitle =	 "Proceedings of the Sixth International Workshop on
		  Parallel and Distributed Real-Time Systems",
  year =	 1998,
  annote =	 "multimedia, dynamic adjustments of period and
		  execution time"
}

@InProceedings{naktez,
  author = 	 "T. Nakajima and H. Tezuka",
  title = 	 "A continuous media application supporting dynamic
		  {Q}o{S} control on real-time {M}ach",
  booktitle =	 "Proceedings of {A}{C}{M} Multimedia'94",
  year =	 1994,
  annote =	 "Task period adjustments"
}

@Article{rtsim,
  author = 	 "L. Palopoli and G. Lipari and G. Lamastra and L. Abeni",
  title = 	 "An Object-oriented Tool for Simulating Distributed
		  Real-time Control Systems",
  journal =	 "Software -- Practice and Experience",
  year =	 2002,
  volume =	 32,
  pages =	 "907--932"
}

@InProceedings{palabebut,
  author = 	 {L. Palopoli and L. Abeni and G. Buttazzo},
  title = 	 {Real-time control system analysis: {A}n integrated approach},
  booktitle = 	 {Proceedings of the 21st IEEE Real-Time Systems
		  Symposium},
  address =      {Orlando, Florida},
  year =	 2000,
  month =	 {December}
}

@InProceedings{ped+bur98,
  author = 	 "P. Pedro and A. Burns",
  year =	 1998,		  
  title = 	 "Schedulability Analysis for Mode Changes in Flexible 
		  Real-Time Systems",
  booktitle =	 "Proceedings of the 10th Euromicro Workshop on
		  Real-Time Systems"
}

@Article{poti76,
  author = 	 "D. Potier and E. Gelenbe and J. Lenfant",
  title = 	 "Adaptive allocation of central processing unit quanta",
  journal =	 "Journal of {A}{C}{M}",
  year =	 1976,
  volume =	 23,
  number =	 1,
  annote =	 "Feedback queue scheduling in ordinary time-sharing OS"
}
		  
@TechReport{ptolemy99,
  author = 	 "{Davis II}, John and Mudit Goel and Christopher
		  Hylands and Bart Kienhuis and Edward A. Lee and Jie
		  Liu and Xiaojun Liu and Lukito Muliadi and Steve
		  Neuendorffer and John Reekie and Neil Smyth and Jeff
		  Tsay and Yuhong Xiong",
  title = 	 "Overview of the  {P}tolemy Project",
  institution =  "University of California, Berkeley, EECS",
  year = 	 1999,
  number =	 "ERL Technical Report UCB/ERL No. M99/37 ",
  address =	 "CA, USA 94720",
  month =	 "July"
}

@Article{ptolemycsm,
  author = 	"Liu, J. and E. Lee",
  volume = 	23,
  month = 	feb,
  year = 	2003,
  journal = 	"IEEE Control Systems Magazine",
  title = 	"Timed Multitasking for Real-Time Embedded Software",
  pages = 	"65--75",
  number = 	1
}

@InProceedings{raj+97,
  author = 	 "R. Rajkumar and C. Lee and J. Lehoczky and D. Siewiorek",
  title = 	 "A resources allocation model for {Q}o{S} management",
  booktitle =	 "Proceedings of the IEEE Real-Time Technology and 
		  Applications Symposium",
  year =	 1997,
  annote =	 "Anton"
}
		  		  		  
@InProceedings{raj+98,
  author = 	 "R. Rajkumar and C. Lee and J. Lehoczky and D. Siewiorek",
  title = 	 "Practical Solutions for {Q}o{S}-based Resource Allocation",
  booktitle =	 "Proceedings of the IEEE Real-Time Systems Symposium",
  year =	 1998,
  annote =	 "Anton"
}

@InProceedings{ram97,
  author = 	 "P. Ramanathan",
  title = 	 "Graceful degradation in real-time control
		  application using (m,k)-firm guarantee",
  booktitle =	 "Proceedings of the IEEE Real-Time Systems Symposium",
  year =	 1997,
  annote =	 "skipping task instantiations in some periods,
		  scheduling that guarantees that at least k out of
		  every n instantiations will run, SKAFFA"
}

@Article{ramsta,
  author = 	 "K. Ramamritham and J. Stankovic",
  title = 	 "Scheduling algorithms and operating systems support
		  for real-time systems",
  journal =	 "Proceedings of the {I}{E}{E}{E}",
  year =	 1994,
  volume =	 82,
  number =	 1,
  annote =	 "Scheduling overview paper, K-E"
}

@InProceedings{rosu98,
  author = 	 "Rosu, Daniela and Karsten Schwan and Sudhakar Yalamanchili",
  title = 	 "FARA - A Framework for Adaptive Resource Allocation in
		  Complex Real-time Systems",
  pages =	 "79 -84",
  booktitle =	 "Proceedings of the 4th IEEE Real-Time Technology and
		  Applications Symposium", 
  year =	 1998,
  organization = "IEEE"
}

@Article{ryuhon,
  author = 	 "M. Ryu and S. Hong",
  title = 	 "Toward automatic synthesis of schedulable real-time
		  controllers",
  journal =	 "Integrated Computer-Aided Engineering",
  year =	 1998,
  volume =	 5,
  number =	 3,
  pages =	 "261--277",
  annote =	 "Feedback scheduling of control tasks. Ref i Stankovic 
		  EuroMicro, Skaffa fram"
}

@InProceedings{ryuhon99,
  author = 	 "M. Ryu and S. Hong",
  title = 	 "A period assignment algorithm for real-time system design",
  booktitle =	 " Conference on Tools and Algorithms for the
		  Construction and Analysis of Systems (TACAS '99).
		  Amsterdam, the Netherlands ",
  year =	 1999,
  annote =	 "K-E"
}

@InProceedings{ryuhonsak,
  author = 	 "M. Ryu and S. Hong and M. Saksena",
  title = 	 "Streamlining real-time controller design: From
		  performance specifications to end-to-end timing constraints",
  booktitle =	 "Proceedings of the Third IEEE Real-Time Technology and
		  Applications Symposium",
  year =	 1997,		  
  address =      "Montreol, Canada", 
  pages =	 "91--99",		  
  annote =	 "Alternativt paper av Ryu, conference version of
		  Integrated C-A Engineering,  K-E"
}
		  		  		  
@InProceedings{setlehsha98,
  author = 	 "D. Seto and J. Lehoczky and L. Sha",
  title = 	 "Task Period Selection and Schedulability in
		  Real-Time Systems ",
  booktitle =	 "Proceedings of the IEEE Real-Time Systems Symposium",
  year =	 1998,
  address =      "Madrid, Spain",
  annote =	 "Optimal period selection in RM settings, Anton"
}		  
		  		  
@InProceedings{setlehshashi,
  author = 	 "D. Seto and J. Lehoczky and L. Sha and K.G. Shin",
  title = 	 "On task schedulability in real-time
		  control systems",
  booktitle =	 "Proceedings of the IEEE Real-Time Systems
		  Symposium",
  address =      "Washington, DC, USA",		  
  year =	 1996
}

@TechReport{setlehshashi_rep,
  author = 	 "D. Seto and J. Lehoczky and L. Sha and K.G. Shin",
  title = 	 "On task schedulability in real-time
		  computer-controlled systems",
  institution =  "SEI/CMU and University of Michigan, Ann Arbor",
  year = 	 "199X",
  annote =	 "integrated approach to controller design and task
		  scheduling, task periods may vary between bounds,
		  optimization of task periods subject to computing
		  resources in combination with scheduling, Johan"
}
		  		  
@InProceedings{seto+96,
  author = 	 "D. Seto and J.~P. Lehoczky and L. Sha and K.~G. Shin",
  year = 	 1996,
  title = 	 "On Task Schedulability in Real-Time Control Systems",
  booktitle =    "Proceedings of the 17th IEEE Real-Time Systems
		  Symposium",
  pages =        "13--21",
  address =      "Washington, DC",		  
}
		  
@InProceedings{seto+98,
  author = 	 "D. Seto and J.~P. Lehoczky and L. Sha",
  year =         1998, 
  title = 	 "Task Period Selection and Schedulability in
		  Real-Time Systems",
  address =      "Madrid, Spain",		  
  booktitle =    "Proceedings of the 19th IEEE Real-Time Systems
		  Symposium",
  pages =        "188--198",		  
}
		  
@Article{sha+89,
  author = 	 "L. Sha and R. Rajkumar and J. Lehoczky",
  year =         1989,
  title = 	 "Mode Change Protocols for Priority-Driven
		  Pre-emptive Scheduling",
  journal =      "Real-Time Systems",
  volume =       1,
  number =       3,
  pages =        "244--264"
}

@InProceedings{sha98,
  author = 	 "L. Sha",
  title = 	 "Dependable System Upgrade",
  booktitle =	 "Proceedings of {I}{E}{E}{E} Real Time
                  Systems Symposium",
  year =	 1998
}

@Article{shagood,
  author =       "L. Sha and J.B. Goodenough",
  title =        "Real-Time Scheduling Theory and Ada",
  journal =      "{I}E{}{E}{E} Computer",
  year =         1990,
  volume =       23,
  number =       4,
  pages =        "53-62",
  month =        "April"
}

@Article{shakor,
  author = 	 "D. Shasha and G. Koren",
  title = 	 "D-Over: An optimal on-line scheduling algorithm for
		  overloaded uniprocessor real-time systems",
  journal =	 "Siam Journal of Computing",
  year =	 1995,
  volume =	 24,
  number =	 2,
  pages =	 "318--339",
  annote =	 "scheduling of overloaded systems, K-E"
}

@Article{sharajleh,
  author = 	 "L. Sha and R. Rajkumar and J. Lehoczy",
  title = 	 "Priority inheritance protocols: An approach to
		  real-time synchronization",
  journal =	 "{I}{E}{E}{E} Trans on Computers",
  year =	 1990,
  volume =	 39,
  number =	 9,
  annote =	 "priority ceiling protocol, K-E"
}

@Article{sharajlehram,
  author = 	 "L. Sha and R. Rajkumar and J. Lehoczky and K. Ramamritham",
  title = 	 "Mode change protocols for priority-driven preemptive 
		  scheduling",
  journal =	 "Journal of Real-Time Systems",
  year =	 1989,
  volume =	 1,
  number =	 3,
  pages =	 "243--264",
  annote =	 "supports on-line addition and removal of periodic
		  tasks, SKAFFA"
}

@Article{sharajsat,
  author = 	 "L. Sha and R. Rajkumar and S. Sathaye",
  title = 	 "Generalized rate-monotonic scheduling theory: A
		  framework for developing real-time systems",
  journal =	 "Proceedings of the {I}{E}{E}{E}",
  year =	 1994,
  volume =	 82,
  number =	 1,
  annote =	 "overview of rate monotonic, K-E"
}

@Article{shin+85,
  author = 	 "K.~G. Shin and C.~M. Krishna and Y.-H. Lee",
  year =	 1985,
  title = 	 "A Unified Method for Evauating Real-Time Computer
		  Controllers and Its Applications",
  journal =	 "IEEE Transactions on Automatic Control",
  volume =	 30,
  number =	 4,
  pages =	 "357--366",
  month =	 "January"
}

@Article{shin+cui95,
  author = 	 "K.~G. Shin and X. Cui",
  year =         1995,  
  title = 	 "Computing Time Delay and Its Effects on Real-Time
		  Control Systems",
  journal =	 "IEEE Transactions on Control Systems Technology",
  volume =	 3,
  number =	 2,
  pages =	 "218--224"
}

@Article{shin+kim92,
  author = 	 "K.~G. Shin and H. Kim",
  year =	 1992,
  title = 	 "Derivation and Application of Hard Deadlines for
		  Real-Time Control Systems",
  journal =	 "IEEE Transactions on Systems, Man, and Cybernetics",
  volume =	 22,
  number =	 6,
  pages =	 "1403--1413",
  month =	 "November/December"
}
		  
@InProceedings{shin+mei99,
  author = 	 "K.G. Shin and C.L. Meissner",
  year =	 1999,
  title = 	 "Adaptation and Graceful Degradation of Control
		  System Performance by Task
		  Reallocation and Period Modification",
  booktitle =    "Proceedings of the 11th Euromicro Conference on
		  Real-Time Systems",
  address =      "York, UK",
  pages =        "29--36"
}
		  
@Article{shiram,
  author = 	 "K. Shin and P. Ramanathan",
  title = 	 "Real-time computing: A new discipline of computer
		  science and engineering",
  journal =	 "Proceedings of the {I}{E}{E}{E}",
  year =	 1994,
  volume =	 82,
  annote =	 "overview real-time, K-E"
}

@InProceedings{silly,
  author = 	 "M. Silly",
  title = 	 "A dynamic scheduling algorithm for sporadic tasks
		  under resource and timing constraints",
  booktitle =	 "{I}{F}{A}{C} Algorithms and Architectures for
		  Real-Time Control, Osteende, Belgium",
  year =	 1995,
  annote =	 "Dynamic Priority Ceiling, periodic and sporadic hard 
		  tasks that interact, Johan"
}

@InProceedings{sjo+han98,
  author = 	 "M. Sjödin and H. Hansson",
  year =	 1998,
  title = 	 "Improved Response-Time Analysis Calculations",
  booktitle =    "Proceedings of the 19th IEEE Real-Time Systems
		  Symposium"
}
		    
@InProceedings{sjohan,
  author = 	 "M. Sjödin and H. Hansson",
  title = 	 "Improved Response Time Analysis Calculations",
  booktitle =	 "Proceedings of the IEEE Real-Time Systems Symposium",
  year =	 1998,
  annote =	 "Fast calculation of exact schedulability conditions
		  for fixed priority scheduling"
}

@Article{sprshaleh,
  author = 	 "B. Sprunt and L. Sha and J. Lehoczky",
  title = 	 "Aperiodic task scheduling for hard real-time systems",
  journal =	 "The Journal of Real-Time Systems",
  year =	 1989,
  annote =	 "Introduces the sporadic server approach, K-E"
}

@Article{spubut,
  author = 	 "M. Spuri and G. Buttazzo",
  title = 	 "Scheduling aperiodic tasks in dynamic priority systems",
  year =	 1996,
  volume =	 10,
  number =	 2,
  pages =	 "179--210",
  annote =	 "hard tasks with EDF, a comparison of five ways of
		  handling additional soft aperiodic tasks: Dynamic
		  Priority Exchange (ext of Priority Exchange), Dynamic 
		  Sporadic Server, Total Bandwidth Server, optimal,
		  near-optimal, Johan"
}

@TechReport{sta_emb,
  author = 	 "J. Stankovic",
  title = 	 "Real-Time and Embedded Systems",
  institution =  "University of Massachusetts, Amherst",
  year = 	 "199X",
  annote =	 "overview real-time issues, K-E"
}

@Article{sta_misc,
  author = 	 "J. Stankovic",
  title = 	 "Misconceptions about real-time computing: A serious
		  problem for next-generation systems",
  journal =	 "{I}{E}{E}{E} Computer",
  year =	 1988,
  volume =	 21,
  number =	 10,
  annote =	 "overview real-time issues, K-E"
}

@InProceedings{staluson,
  author = 	 "J.~A. Stankovic and C. Lu and S.~H. Son and G. Tao",
  title = 	 "The Case for Feedback Control Real-Time Scheduling",
  booktitle =	 "Proceedings of the 11th Euromicro Conference on
		  Real-Time Systems",
  year =	 1999,
  address =      "York, UK", 
  pages =        "11--20",
  annote =	 "feedback scheduling, PID controller that control
		  task utilization by changing execution times, K-E"
}

@InProceedings{stank+01,
  author = 	 "J.~A. Stankovic and T. He and T. Abdelzaher and M.
		  Marley and G. Tao and S. Son and C. Lu,",
  title = 	 "Feedback Control Scheduling in Distributed Systems",
  booktitle =	 "Proceedings of the 22nd {IEEE} Real-time Systems
		  Symposium",
  year =	 2001,
  address =	 "London, UK",
  month =	 "December"
}

@Article{staram,
  author = 	 "J.A. Stankovic and K. Ramamritham",
  title = 	 "The {S}pring kernel: A new paradigm for real-time systems",
  journal =	 "{I}{E}{E}{E} Software",
  year =	 1991,
  volume =	 8,
  annote =	 "The Spring kernel, K-E"
}

@Article{steschkho,
  author = 	 "D. Stewart and D. Schmitz and P. Khosla",
  title = 	 "The {C}himera {I}{I} real-time operating system for
		  advanced sensor-based control applications",
  journal =	 "{I}{E}{E}{E} Trans Systems Man Cybernetics",
  year =	 1992,
  volume =	 22,
  number =	 6,
  annote =	 "The Chimera rt-kernel, K-E"
}
		  
@TechReport{stevolkho,
  author = 	 "D.B. Stewart and R.A. Volpe and P.K. Khosla",
  title = 	 "Design of dynamically reconfigurable real-time
		  software using port-based objects",
  institution =  "CMU",
  year = 	 1993,
  number =	 "CMU-R1-TR-93-11",
  annote =	 "dynamic reconfiguration of real-time systems, Johan"
}

@InProceedings{sto+liu96,
  author = 	 "M.~F. Storch and J.~W.-S. Liu",
  year =	 1996,
  title = 	 "{DRTSS}: {A} Simulation Framework for Complex
		  Real-Time Systems",
  pages =	 "160--169",
  booktitle =	 "Proceedings of the 2nd IEEE Real-Time Technology and 
		  Applications Symposium"
}

		  
@InProceedings{stoica96,
  author =       "Ion Stoica and Hussein Abdel-Wahab and Kevin Jeffay
                 and Sanjoy Baruah and Johannes Gehrke and C. Greg
                 Plaxton",
  title =        "{A Proportional Share Resource Allocation Algorithm
                 for Real-Time, Time-Shared Systems}",
  booktitle =    "IEEE Real-Time Systems Symposium",
  year =         "1996",
  month =        dec,
  keyword =      "scheduling, proportional-share",
}
		  
@InProceedings{sun+94,
  author = 	 "J. Sun and R. Bettati and J.~W.-S. Liu",
  year =	 1994,
  title = 	 "An End-to-End Approach to Schedule Tasks with Shared 
		  Resources in Multiprocessor Systems",
  booktitle =	 "Proceedings of the 11th IEEE Workshop on Real-Time
		  Operating Systems and Software"
}

@InProceedings{tia+95,
  author = 	 "T.-S. Tia and Z. Deng and M. Shankar and M. Storch
		  and J. Sun and L.-C. Wu and J. W.-S. Liu",
  title = 	 "Probabilistic Performance Guarantee for Real-Time
		  Tasks with Varying Computation Times",
  volume =	 "Proceedings of the IEEE Real-Time Technology and
		  Applications Symposium",
  year =	 1995,
  address =	 "Chicago, IL",
  annote =	 "Periodic tasks with large variations in execution
		  (semi-periodic). Probabilistic scheduling
		  guarantees. Two different approaches. Johan Eker"
}
		  
@InProceedings{tin+92,
  author = 	 "K. Tindell and A. Burns and A.~J. Wellings",
  year =	 1992,
  title = 	 "Mode Changes in Priority Preemptively Scheduled Systems",
  booktitle =    "Proceedings of the 13th IEEE Real-Time Systems
		  Symposium",
  pages =        "100--109"
}

@Article{tin+94,
  author = 	 "K. Tindell and A. Burns and A.~J. Wellings",
  year =	 1994,
  title = 	 "An Extendible Approach for Analyzing Fixed Priority
		  Hard Real-Time Tasks",
  journal =	 "Real-Time Systems",
  volume =	 6,
  number =	 2,
  pages =	 "133--151",
  month =	 "March"
}

@Misc{tinalo,
  author =	 "K. Tindell and A. Alonso",
  title =	 "A very simple protocol for mode changes in priority
		  preemptive systems",
  howpublished = "???",
  year =	 "199X",
  annote =	 "Mode changes, improvement of Sha's mode change
		  protocol, Anton"
}

@InProceedings{tinburwel_92,
  author = 	 "K. Tindell and A. Burns and A. Wellings",
  title = 	 "Mode changes in priority pre-emptively scheduled systems",
  booktitle =	 "Proceedings of the IEEE Real-Time Systems Symposium",
  year =	 1992,
  annote =	 "Correct version of Sha's protocol"
}

@TechReport{tinhan,
  author = 	 "K. Tindell and H. Hansson",
  title = 	 "Real time systems and fixed priority scheduling",
  institution =  "Uppsala University",
  year = 	 1995,
  annote =	 "best intro to scheduling, K-E"
}

@InProceedings{toknakrao,
  author = 	 "H. Tokuda and T. Nakajima and P. Rao",
  title = 	 "Real-time {M}ach: Towards a predictable real-time kernel",
  booktitle =	 "Proceedings of {U}{S}{E}{N}{I}{X} {M}ach Workshop ",
  year =	 1990
}


@Article{torngren98,
  author = 	 "M. T{\"o}rngren",
  title = 	 "Fundamentals of implementing real-time control
                  applications in distributed computer systems",
  journal =	 "Real-time systems",
  year =	 1998,
  volume =	 14,
  number =	 3
}

@Article{vanloan78,
  author = 	 "van Loan, {C.F.}",
  title = 	 "Computing Integral Involving the Matrix Exponential",
  journal =	 "IEEE Transactions on Automatic Control",
  year = 	 "1978",
  number =	 "AC--23",
  pages =	 "395--404"
}
		  
@TechReport{ves,
  author = 	 "S. Vestal",
  title = 	 "A cursory overview and comparison of four
		  architecture description languages",
  institution =  "Honeywell Systems \& Research Center",
  year = 	 "199X",
  annote =	 "architecture specification languages, cp Simplex, K-E"
}
		  
@Article{xu+par91,
  author = 	 "J. Xu and D.~L. Parnas",
  year =	 1991,
  title = 	 "On Satisfying Timing Constraints in Hard-Real-Time Systems",
  journal =      "SIGSOFT Software Engineering Notes",
  volume =	 16,
  number =	 5,
  pages =	 "132--146",
  month =	 "December"
}
 
@Article{xupar,
  author = 	 "J. Xu and D. Parnas",
  title = 	 "Scheduling processes with release times, deadlines,
		  precedence, and exclusion relations",
  journal =	 "{I}{E}{E}{E} Trans Software Engineering",
  year =	 1990,
  volume =	 16,
  number =	 3,
  pages =	 "360--369",
  annote =	 "off-line scheduling, optimal algorithm, Anton"
}

@InProceedings{zhao99,
  author = 	 "Zhao, Qian Chuan and Da Zhong Zheng",
  title = 	 "Stable Real-time Scheduling of a Class of Pertubed HDS",
  volume =	 "J",
  pages =	 "91-96",
  booktitle =	 "Proceedings of the 14th World Congress of IFAC",
  year =	 1999,
  organization = "IFAC",
  address =	 "Beijing, P.R. China",
  month =	 "July"
}
		  
		  
